2222 3417
918 296 1205 332 —44-

404 400 594 439 Videtur
623 401 759 451 igitur
787 400 886 438 talis
909 413 1088 451 quoque
1113 399 1407 451 aequabilitas
1430 401 1671 439 carminum
1699 400 1833 439 buco-

289 471 466 509 licorum
511 477 557 508 et
597 470 853 521 nuptialium
895 471 1040 521 magis
1077 471 1256 521 propria
1291 482 1390 507 esse
1425 482 1556 520 quam
1593 471 1834 521 epicorum.

403 540 638 579 Postremo
670 541 773 578 mihi
803 539 1019 578 afferendi
1048 546 1152 579 sunt
1176 538 1370 578 nonnulli
1394 553 1550 578 versus
1573 540 1830 591 eclogarum

288 612 496 662 bipartiti,
520 612 604 662 qui,
628 623 725 649 cum
751 612 792 648 in
814 611 864 648 iis
884 611 1025 649 verba
1045 610 1221 661 singula
1241 623 1397 662 parum
1417 610 1500 648 sibi
1516 610 1833 661 respondeant,

288 693 385 719 cum
413 681 574 719 talibus
597 681 776 719 aliorum
805 681 1048 719 carminum
1075 681 1326 732 comparari
1355 693 1494 731 aegre
1522 687 1722 731 possunt,
1754 680 1835 719 sed

288 764 374 789 non
410 752 589 789 omnino
623 751 1013 801 praetermittendi
1043 756 1163 789 sunt:

317 856 440 893 3,3o:
475 845 540 882 bis
572 846 696 883 venit
729 844 785 882 ad
818 844 1064 891 mulctram,
1092 843 1096 896 Ι
1126 845 1256 883 binos
1290 843 1366 882 alit
1399 845 1536 883 ubere
1567 843 1699 883 fetus.

318 928 441 974 3‚o1:
476 925 543 963 ille
577 925 683 964 colit
716 934 869 969 terras,
899 927 903 976 Ι
932 926 988 964 illi
1022 939 1123 964 mea
1156 927 1355 965 carmina
1386 939 1533 965 curae.

318 1010 440 1056 3‚89:
475 1007 603 1045 mella
636 1007 776 1046 fluant
808 1007 875 1054 illi,
905 1007 908 1060 Ι
938 1007 1054 1046 ferat
1089 1014 1136 1046 et
1167 1009 1303 1046 rubus
1337 1020 1469 1059 asper
1497 1021 1735 1047 amomum.

317 1103 352 1138 5,
370 1102 440 1138 52:
473 1089 686 1141 Daphnin
703 1090 758 1128 ad
775 1098 894 1128 astra
909 1089 1132 1143 feremus„
1150 1090 1316 1128 amavit
1331 1102 1412 1128 nos
1428 1089 1834 1141 quoqueDaphnis.

295 1184 352 1217 io,
370 1178 440 1221 09:
475 1173 622 1210 onmia
649 1173 786 1211 vincit
813 1173 968 1218 Amor,
997 1172 1000 1224 Ι
1031 1178 1077 1210 et
1105 1185 1186 1211 nos
1213 1172 1427 1211 cedamus
1455 1173 1622 1211 Amori.

404 1313 647 1364 Exemplis,
682 1314 723 1351 in
759 1314 919 1364 quibus
953 1314 1157 1351 membra
1189 1319 1398 1352 accurate
1434 1314 1646 1352 incisione
1679 1326 1834 1352 versus

287 1383 551 1425 dividuntur.
581 1384 785 1434 proxima
814 1391 918 1422 sunt
947 1396 1011 1429 ea,
1040 1385 1080 1422 in
1114 1385 1274 1435 quibus
1303 1384 1556 1422 coniunctio
1581 1383 1833 1434 copulativa

287 1453 465 1504 quidem
498 1460 601 1491 ante
633 1466 861 1492 caesuram
895 1455 1040 1505 posita
1072 1460 1151 1501 est,
1185 1460 1384 1492 ceterum
1416 1454 1457 1491 in
1482 1459 1672 1505 utroque
1697 1455 1834 1492 hemi-

284 1523 443 1561 stichio
497 1524 716 1568 membra,
769 1536 954 1574 quorum
1009 1524 1184 1575 singula
1234 1525 1374 1562 verba
1418 1524 1500 1562 sibi
1545 1524 1834 1575 respondent.

286 1600 486 1639 exstant;
537 1593 654 1644 quod
701 1606 846 1645 genus
893 1594 1223 1645 aequabilitatis
1269 1595 1448 1632 minoris
1493 1595 1709 1632 momenti
1755 1602 1834 1633 est.

287 1661 418 1701 Tales
450 1671 554 1701 sunt
588 1663 630 1701 lii
663 1676 818 1702 versus
851 1663 1161 1702 Bucolicorum
1186 1663 1391 1715 Vergilii:

315 1770 437 1818 3,87:
495 1769 578 1806 iam
615 1750 752 1807 cornu
788 1762 916 1820 petat
950 1775 996 1807 et
1024 1770 1027 1822 Ι
1056 1750 1247 1820 pedibus
1276 1771 1349 1821 qui
1376 1762 1566 1821 spargat
1593 1770 1819 1808 harenam.

315 1873 440 1911 5.37:
497 1843 650 1900 infelix
684 1856 829 1901 lolium
865 1869 910 1901 et
939 1863 943 1915 Ι
972 1844 1146 1901 steriles
1180 1869 1423 1902 nascuntur
1456 1855 1640 1902 ave-nae.

316 1967 438 2003 5,42:
495 1936 541 1993 e¹t
573 1948 788 1994 tumulum
824 1937 959 1995 sac³ite
994 1937 1039 1995 eit
1068 1957 1071 2007 Ι
1101 1949 1270 1995 tumulo
1304 1937 1593 2008 superaiidite
1627 1937 1821 1996 carinen.

318 2061 439 2098 7‚51:
1103 2063 1309 2089 curamus
1342 2050 1523 2101 frigora,
1557 2056 1773 2102 quantum

532 2123 539 2138 1

497 2149 572 2181 aut
601 2135 832 2181 numerum
863 2123 989 2195 lupus
1017 2125 1093 2182 aut
1122 2144 1125 2195 Ι
1155 2124 1371 2183 torrentia
1398 2124 1581 2183 flumina
1608 2136 1737 2196 ripas.

291 2249 438 2284 10,35:
497 2243 632 2287 atque
668 2237 831 2274 utinam
870 2250 927 2275 ex
959 2237 1086 2275 vobis
1123 2250 1232 2275 unus
1264 2239 1492 2288 vestrique
1526 2237 1707 2276 fuissem

497 2311 573 2368 aiit
605 2322 756 2368 custos
789 2310 945 2381 gressgis
979 2311 1054 2369 aiit
1083 2329 1086 2385 Ι
1118 2311 1318 2370 matiirae
1351 2312 1514 2370 vinitor
1549 2311 1672 2378 uvae,

288 2434 358 2471 ubi
383 2433 649 2472 adiectivum
680 2435 867 2473 ..x-ostri*
894 2436 1062 2486 pariter
1085 2436 1139 2473 ad
1165 2437 1345 2474 nomina
1371 2438 1578 2488 „gregis“
1604 2442 1649 2475 et
1673 2445 1831 2483 „uvae·‘

285 2504 511 2553 pertinere
558 2516 735 2543 censeo.
806 2504 1023 2544 Versuum
1072 2507 1133 2544 ita
1181 2507 1528 2557 compositorum
1578 2505 1831 2558 frequentia

286 2586 392 2610 sane
434 2574 472 2610 in
515 2573 593 2611 illis
633 2573 751 2612 libris
791 2574 1047 2625 Georgicon
1090 2583 1134 2614 ct
1169 2576 1384 2615 Aeneidis
1424 2575 1517 2615 fere
1557 2577 1715 2615 eadem
1752 2586 1832 2623 est,

286 2642 357 2681 cf.:
394 2642 444 2682 G.
468 2643 496 2689 Ι,
527 2657 615 2690 1oo,
646 2658 735 2693 154,
763 2652 855 2693 203,
890 2645 941 2684 (ᾗ.
965 2645 1038 2690 lv,
1068 2659 1157 2695 134,
1183 2659 1277 2695 205,
1303 2659 1396 2696 259,
1430 2648 1484 2686 A.
1504 2647 1534 2694 1,
1558 2660 1624 2696 54,
1647 2660 1714 2695 oo,
1737 2660 1831 2696 400,

285 2725 379 2760 424,
404 2727 497 2762 542,
538 2714 591 2752 A.
616 2713 712 2760 XII,
746 2728 834 2758 120,
860 2724 954 2765 003,
979 2719 1081 2764 805;
1126 2717 1245 2768 quod
1286 2731 1372 2756 non
1414 2718 1568 2756 mirum
1611 2723 1691 2762 est,
1730 2730 1828 2756 cuni

285 2791 503 2834 appareat
543 2786 583 2822 in
625 2785 786 2823 talibus
829 2787 1029 2824 versibus
1074 2788 1421 2826 concinnitatem
1471 2789 1682 2827 minorem
1732 2802 1830 2827 esse

286 2867 414 2904 «luam
454 2855 492 2891 in
530 2854 607 2892 illis
632 2856 832 2894 versibus
861 2870 995 2908 supra
1025 2859 1238 2904 tractatis,
1272 2871 1383 2909 quos
1414 2859 1626 2909 imprimis
1648 2859 1830 2909 generis

286 2926 472 2963 bucolici
507 2926 710 2976 proprios
745 2939 843 2963 esse
877 2928 1183 2977 cognovimus,
1242 2928 1379 2979 Apud
1411 2934 1570 2979 poetas
1604 2928 1829 2968 bucolicus
