2222 3417
886 258 1175 294 —95—

254 364 367 403 tales
405 376 561 403 versus
600 374 935 414 nonnumquam
981 361 1340 412 complexionem
1379 360 1669 411 complurium
1707 373 1806 398 ver-

255 447 382 474 suum
417 435 543 486 quasi
577 433 826 472 includunt:

259 514 380 560 7,65:
467 509 669 549 fraxinus
702 511 745 548 in
776 509 894 548 silvis
926 507 1236 560 pulcherrima,
1269 508 1398 558 pinus
1432 507 1474 545 in
1508 506 1658 553 hortis,

469 580 661 632 populus
694 581 736 618 in
769 578 922 625 fluviis,
956 579 1081 617 abies
1114 579 1155 616 in
1190 578 1417 616 montibus
1450 577 1559 615 altis.

468 651 648 702 saepius
682 657 727 688 at
759 651 794 688 si
826 662 910 696 me,
941 648 1112 700 Lycida
1144 647 1352 694 formose,
1386 649 1566 693 revisas,

470 720 672 759 fraxinus
705 721 745 758 in
780 720 897 759 silvis
931 720 1066 758 cedat
1097 720 1187 765 tibi,
1220 720 1349 770 pinus
1382 719 1423 756 in
1459 718 1610 756 hortis.

259 793 354 837 8,1:
470 790 705 829 Pastorum
741 790 911 829 Musam
947 789 1165 828 Damonis
1199 794 1246 826 et
1278 787 1584 839 Alphesiboei,

469 862 708 900 immemor
740 861 980 899 herbarum
1016 872 1127 911 quos
1161 865 1228 897 est
1263 859 1422 897 mirata
1455 859 1645 896 iuvenca

471 937 712 977 certantes,
747 944 932 983 quorum
969 929 1254 981 stupefactae
1288 929 1485 967 carmine
1519 928 1673 980 lynces

472 1008 518 1040 et
550 1008 723 1040 mutata
756 1014 860 1039 suos
891 1001 1153 1051 requierunt
1187 999 1367 1037 flumina
1401 1011 1566 1044 cursus,

470 1071 688 1110 Damonis
722 1071 893 1109 Musam
930 1071 1129 1109 dicemus
1163 1077 1208 1108 et
1241 1069 1548 1120 Alphesiboei.

257 1147 306 1186 In
340 1148 406 1186 his
441 1146 659 1198 exemplis
692 1160 847 1185 versus
881 1146 1172 1184 intercalares
1209 1149 1245 1184 8.
1279 1145 1485 1196 eclogae,
1527 1146 1600 1196 qui
1638 1146 1681 1182 in
1722 1144 1808 1183 fine

261 1219 489 1269 utriusque
521 1219 661 1269 partis
693 1217 836 1256 forma
870 1216 1048 1268 paulum
1083 1217 1253 1254 variata
1288 1221 1539 1262 occurrunt,
1573 1228 1809 1253 numerare

260 1287 428 1334 dubito,
456 1300 553 1326 cum
582 1301 683 1334 non,
711 1295 759 1326 ut
780 1287 848 1333 illi,
876 1288 1002 1325 unius
1026 1286 1350 1337 complexionis
1373 1287 1473 1324 sint.
1525 1285 1626 1323 Non
1651 1287 1809 1323 mirum

260 1363 329 1396 est
374 1358 459 1396 1100
505 1370 649 1408 genus
694 1359 974 1408 repetitionis
1012 1358 1053 1394 in
1095 1356 1265 1407 eclogis
1305 1356 1573 1407 compluries
1613 1356 1811 1399 inveniri,

259 1440 358 1466 cum
401 1428 542 1466 maior
580 1428 776 1466 suavitas
815 1426 1034 1465 efficiatur
1073 1433 1209 1478 atque
1250 1428 1487 1464 iteratione
1522 1434 1612 1463 tam
1648 1427 1812 1476 insigni

259 1499 500 1537 verborum
537 1499 664 1550 quasi
695 1511 843 1537 sermo
877 1500 1024 1536 tenuis
1058 1510 1224 1543 eorum,
1258 1499 1332 1548 qui
1364 1497 1620 1534 variationis
1654 1508 1807 1546 parum

259 1568 447 1606 studiosi
480 1575 595 1615 sunt,
629 1570 924 1620 exprimatur3
960 1569 1173 1619 imprimis
1198 1569 1237 1605 in
1263 1580 1392 1605 versu
1422 1579 1454 1616 7,
1480 1569 1531 1605 08
1556 1572 1692 1617 poeta
1726 1566 1811 1604 1100

260 1638 394 1677 modo
430 1639 622 1676 dictione
658 1638 795 1677 multo
829 1638 1095 1689 simpliciore
1130 1651 1232 1676 usus
1267 1644 1352 1684 est,
1386 1650 1517 1688 quam
1553 1637 1587 1674 si
1621 1637 1682 1674 ita
1715 1636 1810 1674 fere

262 1708 466 1746 dixisset:
506 1722 689 1757 „omnes
721 1709 806 1747 hae
841 1710 1026 1747 arbores
1059 1710 1138 1746 tibi
1172 1708 1372 1746 cedant.··

377 1777 537 1829 Itaque
561 1779 603 1816 in
628 1780 898 1817 carminibus
922 1779 1086 1816 ceteris
1111 1777 1335 1829 Vergilius
1363 1778 1586 1815 rarissimo
1612 1777 1813 1815 adhibuit

260 1848 378 1886 hanc
412 1849 742 1899 repetitionem.
803 1847 903 1887 Nou
939 1848 1079 1886 solum
1114 1849 1156 1886 in
1190 1848 1270 1886 illis
1310 1854 1522 1899 quattuor
1555 1846 1692 1891 libris,
1732 1847 1812 1884 sed

260 1918 303 1956 in
357 1919 562 1956 omnibus
614 1917 938 1969 Georgicorum
998 1925 1044 1956 et
1099 1918 1316 1956 Aeneidis
1373 1917 1581 1968 exempla
1639 1918 1812 1958 desunt.

261 1994 444 2038 praeter
475 1988 561 2027 hoc
596 2002 729 2026 unum
765 1989 806 2026 in
841 1987 892 2027 G.
912 1988 942 2034 I,
965 1990 1064 2036 406:

405 2076 689 2115 quacumque
723 2064 793 2102 illa
827 2063 969 2103 levem
1006 2063 1184 2115 fugiens
1217 2070 1344 2102 secat
1377 2064 1563 2102 aethera
1595 2065 1766 2114 pennis,

406 2146 515 2172 ecce
549 2135 751 2173 inimicus
785 2140 916 2172 atrox
949 2148 1116 2185 magno
1150 2134 1340 2172 stridore
1374 2147 1455 2185 per
1488 2147 1617 2172 auras

405 2205 654 2254 insequitur
686 2204 837 2249 Nisus;
873 2218 961 2255 qua
993 2218 1041 2242 se
1075 2204 1165 2242 fert
1197 2204 1329 2243 Nisus
1363 2204 1419 2242 ad
1452 2217 1593 2249 auras,

406 2272 477 2311 illa
511 2272 655 2311 levem
690 2272 869 2324 fugiens
901 2275 1061 2324 raptim
1097 2279 1225 2312 secat
1258 2274 1443 2311 aethera
1476 2274 1647 2324 pennis.

384 2348 511 2388 Sicut
534 2348 781 2400 Vergilium
816 2350 901 2388 1100
935 2349 1165 2388 artificium
1191 2351 1234 2388 in
1259 2348 1479 2387 Bucolicis
1503 2362 1590 2387 non
1616 2362 1715 2387 raro
1741 2349 1813 2387 ad-

264 2418 450 2457 hibitum
476 2420 518 2457 in
544 2418 635 2457 aliis
659 2420 930 2458 carminibus
953 2419 1047 2458 fere
1074 2421 1253 2458 omnino
1272 2421 1483 2458 vitavisse
1507 2421 1814 2470 cognovimus,

264 2489 372 2526 item
396 2488 665 2527 Theocritus
688 2490 730 2526 in
755 2489 912 2539 idylliis
935 2489 1147 2528 bucolicis
1175 2502 1227 2527 ea
1251 2490 1520 2540 repetitione
1546 2488 1814 2540 compluries

265 2571 369 2596 usus
391 2564 479 2602 est:
503 2571 601 2597 cum
623 2559 824 2597 Versibus
847 2560 940 2597 eius
961 2561 1142 2610 generis
1165 2560 1283 2610 apud
1298 2559 1584 2598 Theocritum
1612 2559 1815 2597 membra

266 2640 412 2679 aequo
438 2628 593 2666 ordine
617 2630 857 2667 coniuncta
881 2630 1180 2674 enuntientur,
1205 2630 1413 2680 exempla
1437 2631 1520 2667 iarn
1547 2630 1588 2666 in
1614 2630 1762 2678 capite
1785 2628 1814 2672 I,

265 2696 290 2751 ξ
316 2711 337 2746 3
364 2703 410 2736 et
433 2711 457 2745 4
487 2699 715 2749 exscripta
740 2705 854 2738 sunt.
905 2698 1155 2749 Propterea
1178 2699 1247 2737 hic
1272 2712 1349 2736 eos
1372 2712 1526 2737 versus
1551 2699 1749 2736 breviter
1771 2699 1812 2735 in

267 2768 528 2806 memoriam
564 2781 747 2808 revoco:
782 2769 836 2807 id.
859 2771 894 2815 8,
918 2771 969 2806 28
997 2789 1041 2799 Ν
1069 2781 1141 2818 29:
1183 2782 1243 2814 11,
1267 2781 1316 2807 22
1348 2789 1391 2799 ω
1420 2781 1491 2816 23;
1534 2781 1564 2813 1,
1586 2770 1638 2806 88
1667 2788 1711 2798 Ν
1740 2780 1813 2816 91;

267 2837 428 2888 quibus
468 2837 574 2876 locis
613 2839 791 2889 saepius
829 2839 1047 2890 syllabae,
1093 2851 1208 2889 quae
1243 2851 1329 2876 non
1365 2851 1498 2889 pares
1531 2844 1650 2883 sunt,
1690 2844 1813 2876 certe

267 2906 452 2945 similem
484 2921 641 2946 sonum
672 2909 907 2959 praebent.
966 2908 1062 2947 Nec
1091 2909 1339 2959 praeterire
1370 2907 1499 2946 velim
1531 2908 1611 2946 hos
1643 2920 1813 2945 versus:
