<?xml version="1.0" encoding="UTF-8"?>
<!DOCTYPE html PUBLIC "-//W3C//DTD XHTML 1.0 Transitional//EN"
    "http://www.w3.org/TR/xhtml1/DTD/xhtml1-transitional.dtd">
<html xmlns="http://www.w3.org/1999/xhtml" xml:lang="en" lang="en">
 <head>
  <title>
</title>
<meta http-equiv="Content-Type" content="text/html;charset=utf-8" />
  <meta name='ocr-system' content='tesseract 3.04.00' />
  <meta name='ocr-capabilities' content='ocr_page ocr_carea ocr_par ocr_line ocrx_word'/>
</head>
<body>
  <div class='ocr_page' id='page_1' title='image "./devergiliistilob00gimmuoft_0093.png"; bbox 0 0 2222 3417; ppageno 0'>
   <div class='ocr_carea' id='block_1_1' title="bbox 887 285 1178 331">
    <p class='ocr_par' dir='ltr' id='par_1_1' title="bbox 887 285 1178 331">
     <span class='ocr_line' id='line_1_1' title="bbox 887 285 1178 331; baseline 0 -21"><span class='ocrx_word' id='word_1_1' title='bbox 887 285 1178 331; x_wconf 70' lang='lat'><strong>-39-</strong></span> 
     </span>
    </p>
   </div>
   <div class='ocr_carea' id='block_1_2' title="bbox 319 397 1806 521">
    <p class='ocr_par' dir='ltr' id='par_1_2' title="bbox 319 397 1806 521">
     <span class='ocr_line' id='line_1_2' title="bbox 321 397 1648 450; baseline -0.002 -11"><span class='ocrx_word' id='word_1_2' title='bbox 321 414 407 440; x_wconf 92' lang='lat' dir='ltr'>non</span> <span class='ocrx_word' id='word_1_3' title='bbox 444 414 515 440; x_wconf 90' lang='lat' dir='ltr'>me</span> <span class='ocrx_word' id='word_1_4' title='bbox 549 401 819 439; x_wconf 82' lang='lat' dir='ltr'>carminibus</span> <span class='ocrx_word' id='word_1_5' title='bbox 851 401 1003 438; x_wconf 82' lang='lat' dir='ltr'>vincet</span> <span class='ocrx_word' id='word_1_6' title='bbox 1037 412 1119 438; x_wconf 91' lang='lat' dir='ltr'>nec</span> <span class='ocrx_word' id='word_1_7' title='bbox 1153 398 1369 438; x_wconf 86' lang='lat' dir='ltr'>Thracius</span> <span class='ocrx_word' id='word_1_8' title='bbox 1404 397 1648 450; x_wconf 81' lang='lat' dir='ltr'>Orpheus</span> 
     </span>
     <span class='ocr_line' id='line_1_3' title="bbox 319 470 1806 521; baseline -0.001 -12"><span class='ocrx_word' id='word_1_9' title='bbox 319 484 403 510; x_wconf 91' lang='lat' dir='ltr'>nec</span> <span class='ocrx_word' id='word_1_10' title='bbox 436 470 615 517; x_wconf 72' lang='lat' dir='ltr'>Linus,</span> <span class='ocrx_word' id='word_1_11' title='bbox 649 471 767 509; x_wconf 89' lang='lat' dir='ltr'>huic</span> <span class='ocrx_word' id='word_1_12' title='bbox 802 476 946 509; x_wconf 89' lang='lat' dir='ltr'>mater</span> <span class='ocrx_word' id='word_1_13' title='bbox 979 471 1181 521; x_wconf 78' lang='lat' dir='ltr'>quamvis</span> <span class='ocrx_word' id='word_1_14' title='bbox 1215 476 1350 521; x_wconf 81' lang='lat' dir='ltr'>atque</span> <span class='ocrx_word' id='word_1_15' title='bbox 1384 470 1504 508; x_wconf 89' lang='lat' dir='ltr'>huic</span> <span class='ocrx_word' id='word_1_16' title='bbox 1528 476 1658 520; x_wconf 82' lang='lat' dir='ltr'>pater</span> <span class='ocrx_word' id='word_1_17' title='bbox 1681 470 1806 514; x_wconf 80' lang='lat' dir='ltr'>adsit,</span> 
     </span>
    </p>
   </div>
   <div class='ocr_carea' id='block_1_3' title="bbox 319 539 1416 592">
    <p class='ocr_par' dir='ltr' id='par_1_3' title="bbox 319 539 1416 592">
     <span class='ocr_line' id='line_1_4' title="bbox 319 539 1416 592; baseline -0.001 -12"><span class='ocrx_word' id='word_1_18' title='bbox 319 540 519 592; x_wconf 79' lang='lat' dir='ltr'>Orphei</span> <span class='ocrx_word' id='word_1_19' title='bbox 552 540 790 592; x_wconf 82' lang='lat' dir='ltr'>Calliopea,</span> <span class='ocrx_word' id='word_1_20' title='bbox 822 539 950 579; x_wconf 89' lang='lat' dir='ltr'>Lino</span> <span class='ocrx_word' id='word_1_21' title='bbox 985 540 1207 579; x_wconf 80' lang='lat' dir='ltr'>formosus</span> <span class='ocrx_word' id='word_1_22' title='bbox 1239 539 1416 591; x_wconf 81' lang='lat' dir='ltr'>Apollo.</span> 
     </span>
    </p>
   </div>
   <div class='ocr_carea' id='block_1_4' title="bbox 259 633 1805 827">
    <p class='ocr_par' dir='ltr' id='par_1_4' title="bbox 259 633 1805 827">
     <span class='ocr_line' id='line_1_5' title="bbox 262 633 1805 686; baseline -0.001 -13"><span class='ocrx_word' id='word_1_23' title='bbox 262 636 334 674; x_wconf 88' lang='lat' dir='ltr'>ubi</span> <span class='ocrx_word' id='word_1_24' title='bbox 374 637 414 673; x_wconf 92' lang='lat' dir='ltr'>in</span> <span class='ocrx_word' id='word_1_25' title='bbox 457 642 661 674; x_wconf 77' lang='lat' dir='ltr'>extremo</span> <span class='ocrx_word' id='word_1_26' title='bbox 702 648 832 673; x_wconf 81' lang='lat' dir='ltr'>versu</span> <span class='ocrx_word' id='word_1_27' title='bbox 872 636 996 673; x_wconf 76' lang='lat' dir='ltr'>suavi</span> <span class='ocrx_word' id='word_1_28' title='bbox 1037 634 1228 686; x_wconf 82' lang='lat' dir='ltr'>quadam</span> <span class='ocrx_word' id='word_1_29' title='bbox 1264 633 1559 685; x_wconf 73' lang='lat' dir='ltr'>simplicitate,</span> <span class='ocrx_word' id='word_1_30' title='bbox 1595 641 1641 671; x_wconf 89' lang='lat' dir='ltr'>ut</span> <span class='ocrx_word' id='word_1_31' title='bbox 1673 646 1805 684; x_wconf 83' lang='lat' dir='ltr'>supra</span> 
     </span>
     <span class='ocr_line' id='line_1_6' title="bbox 259 703 1802 757; baseline -0.002 -13"><span class='ocrx_word' id='word_1_32' title='bbox 259 707 621 753; x_wconf 83' lang='lat' dir='ltr'>commemoravi,</span> <span class='ocrx_word' id='word_1_33' title='bbox 672 719 737 753; x_wconf 88' lang='lat' dir='ltr'>ea,</span> <span class='ocrx_word' id='word_1_34' title='bbox 783 719 898 757; x_wconf 84' lang='lat' dir='ltr'>quae</span> <span class='ocrx_word' id='word_1_35' title='bbox 944 712 1079 743; x_wconf 86' lang='lat' dir='ltr'>antea</span> <span class='ocrx_word' id='word_1_36' title='bbox 1125 705 1244 743; x_wconf 87' lang='lat' dir='ltr'>dicta</span> <span class='ocrx_word' id='word_1_37' title='bbox 1288 712 1401 746; x_wconf 73' lang='lat' dir='ltr'>sunt.</span> <span class='ocrx_word' id='word_1_38' title='bbox 1447 703 1564 742; x_wconf 87' lang='lat' dir='ltr'>nulla</span> <span class='ocrx_word' id='word_1_39' title='bbox 1602 717 1649 741; x_wconf 87' lang='lat' dir='ltr'>re</span> <span class='ocrx_word' id='word_1_40' title='bbox 1691 717 1802 742; x_wconf 77' lang='lat' dir='ltr'>nova</span> 
     </span>
     <span class='ocr_line' id='line_1_7' title="bbox 259 776 1216 827; baseline 0 -14"><span class='ocrx_word' id='word_1_41' title='bbox 259 777 339 814; x_wconf 89' lang='lat' dir='ltr'>nisi</span> <span class='ocrx_word' id='word_1_42' title='bbox 373 777 626 815; x_wconf 83' lang='lat' dir='ltr'>nominibus</span> <span class='ocrx_word' id='word_1_43' title='bbox 659 776 811 814; x_wconf 84' lang='lat' dir='ltr'>addita</span> <span class='ocrx_word' id='word_1_44' title='bbox 843 777 1037 827; x_wconf 87' lang='lat' dir='ltr'>repetita</span> <span class='ocrx_word' id='word_1_45' title='bbox 1070 776 1216 823; x_wconf 56' lang='lat' dir='ltr'>suntst&#39;)</span> 
     </span>
    </p>
   </div>
   <div class='ocr_carea' id='block_1_5' title="bbox 570 915 1492 969">
    <p class='ocr_par' dir='ltr' id='par_1_5' title="bbox 570 915 1492 969">
     <span class='ocr_line' id='line_1_8' title="bbox 570 915 1492 969; baseline -0.004 -10"><span class='ocrx_word' id='word_1_46' title='bbox 570 917 597 969; x_wconf 66' lang='grc' dir='ltr'>ξ</span> <span class='ocrx_word' id='word_1_47' title='bbox 632 915 673 958; x_wconf 86' lang='grc'>3.</span> <span class='ocrx_word' id='word_1_48' title='bbox 718 915 784 958; x_wconf 77' lang='lat' dir='ltr'>De</span> <span class='ocrx_word' id='word_1_49' title='bbox 817 916 968 957; x_wconf 79' lang='lat' dir='ltr'>altera</span> <span class='ocrx_word' id='word_1_50' title='bbox 1001 916 1153 968; x_wconf 78' lang='lat' dir='ltr'>specie</span> <span class='ocrx_word' id='word_1_51' title='bbox 1186 915 1492 968; x_wconf 79' lang='lat' dir='ltr'><strong>epanalepsis.</strong></span> 
     </span>
    </p>
   </div>
   <div class='ocr_carea' id='block_1_6' title="bbox 255 998 1805 1682">
    <p class='ocr_par' dir='ltr' id='par_1_6' title="bbox 255 998 1805 1682">
     <span class='ocr_line' id='line_1_9' title="bbox 374 998 1803 1049; baseline -0.001 -13"><span class='ocrx_word' id='word_1_52' title='bbox 374 998 485 1037; x_wconf 88' lang='lat' dir='ltr'>Tum</span> <span class='ocrx_word' id='word_1_53' title='bbox 529 999 671 1038; x_wconf 87' lang='lat' dir='ltr'>altera</span> <span class='ocrx_word' id='word_1_54' title='bbox 708 998 853 1037; x_wconf 82' lang='lat' dir='ltr'>forma</span> <span class='ocrx_word' id='word_1_55' title='bbox 894 998 1194 1049; x_wconf 74' lang='lat' dir='ltr'>epanalepsis,</span> <span class='ocrx_word' id='word_1_56' title='bbox 1228 1011 1362 1048; x_wconf 79' lang='lat' dir='ltr'>quae,</span> <span class='ocrx_word' id='word_1_57' title='bbox 1397 1010 1666 1048; x_wconf 81' lang='lat' dir='ltr'>quamquam</span> <span class='ocrx_word' id='word_1_58' title='bbox 1704 1010 1803 1035; x_wconf 87' lang='lat' dir='ltr'>cum</span> 
     </span>
     <span class='ocr_line' id='line_1_10' title="bbox 260 1067 1805 1120; baseline -0.002 -13"><span class='ocrx_word' id='word_1_59' title='bbox 260 1068 327 1107; x_wconf 89' lang='lat' dir='ltr'>illa</span> <span class='ocrx_word' id='word_1_60' title='bbox 363 1070 621 1120; x_wconf 86' lang='lat' dir='ltr'>epanalepsi</span> <span class='ocrx_word' id='word_1_61' title='bbox 656 1076 701 1106; x_wconf 90' lang='lat' dir='ltr'>et</span> <span class='ocrx_word' id='word_1_62' title='bbox 734 1082 833 1107; x_wconf 90' lang='lat' dir='ltr'>cum</span> <span class='ocrx_word' id='word_1_63' title='bbox 870 1069 1077 1120; x_wconf 89' lang='lat' dir='ltr'>epanodo</span> <span class='ocrx_word' id='word_1_64' title='bbox 1102 1068 1328 1115; x_wconf 74' lang='lat' dir='ltr'>cohaeret,</span> <span class='ocrx_word' id='word_1_65' title='bbox 1361 1068 1416 1106; x_wconf 87' lang='lat' dir='ltr'>ab</span> <span class='ocrx_word' id='word_1_66' title='bbox 1443 1069 1491 1105; x_wconf 91' lang='lat' dir='ltr'>iis</span> <span class='ocrx_word' id='word_1_67' title='bbox 1524 1067 1805 1105; x_wconf 80' lang='lat' dir='ltr'>secernenda</span> 
     </span>
     <span class='ocr_line' id='line_1_11' title="bbox 258 1137 1803 1190; baseline -0.002 -12"><span class='ocrx_word' id='word_1_68' title='bbox 258 1145 336 1186; x_wconf 87' lang='lat' dir='ltr'>est,</span> <span class='ocrx_word' id='word_1_69' title='bbox 369 1141 410 1178; x_wconf 88' lang='lat' dir='ltr'>in</span> <span class='ocrx_word' id='word_1_70' title='bbox 436 1153 489 1178; x_wconf 91' lang='lat' dir='ltr'>eo</span> <span class='ocrx_word' id='word_1_71' title='bbox 515 1140 724 1184; x_wconf 88' lang='lat' dir='ltr'>cernitur,</span> <span class='ocrx_word' id='word_1_72' title='bbox 759 1139 880 1190; x_wconf 85' lang='lat' dir='ltr'>quod</span> <span class='ocrx_word' id='word_1_73' title='bbox 904 1139 1151 1177; x_wconf 81' lang='lat' dir='ltr'>membrum</span> <span class='ocrx_word' id='word_1_74' title='bbox 1179 1151 1311 1176; x_wconf 89' lang='lat' dir='ltr'>unum</span> <span class='ocrx_word' id='word_1_75' title='bbox 1339 1139 1552 1176; x_wconf 87' lang='lat' dir='ltr'>orationis</span> <span class='ocrx_word' id='word_1_76' title='bbox 1574 1137 1645 1175; x_wconf 72' lang='lat' dir='ltr'>vel</span> <span class='ocrx_word' id='word_1_77' title='bbox 1669 1139 1803 1176; x_wconf 78' lang='lat' dir='ltr'>etiam</span> 
     </span>
     <span class='ocr_line' id='line_1_12' title="bbox 255 1208 1805 1261; baseline -0.002 -13"><span class='ocrx_word' id='word_1_78' title='bbox 255 1211 442 1248; x_wconf 88' lang='lat' dir='ltr'>verbum</span> <span class='ocrx_word' id='word_1_79' title='bbox 470 1223 600 1248; x_wconf 89' lang='lat' dir='ltr'>unum</span> <span class='ocrx_word' id='word_1_80' title='bbox 627 1218 730 1261; x_wconf 83' lang='lat' dir='ltr'>post</span> <span class='ocrx_word' id='word_1_81' title='bbox 751 1211 1001 1248; x_wconf 82' lang='lat' dir='ltr'>membrum</span> <span class='ocrx_word' id='word_1_82' title='bbox 1029 1208 1279 1247; x_wconf 88' lang='lat' dir='ltr'>absolutum</span> <span class='ocrx_word' id='word_1_83' title='bbox 1308 1222 1360 1246; x_wconf 88' lang='lat' dir='ltr'>ea</span> <span class='ocrx_word' id='word_1_84' title='bbox 1378 1210 1551 1247; x_wconf 79' lang='lat' dir='ltr'>ratione</span> <span class='ocrx_word' id='word_1_85' title='bbox 1576 1209 1805 1259; x_wconf 83' lang='lat' dir='ltr'>repetitur,</span> 
     </span>
     <span class='ocr_line' id='line_1_13' title="bbox 259 1279 1803 1330; baseline -0.002 -12"><span class='ocrx_word' id='word_1_86' title='bbox 259 1285 306 1318; x_wconf 90' lang='lat' dir='ltr'>ut</span> <span class='ocrx_word' id='word_1_87' title='bbox 327 1293 426 1318; x_wconf 90' lang='lat' dir='ltr'>cum</span> <span class='ocrx_word' id='word_1_88' title='bbox 454 1293 506 1318; x_wconf 92' lang='lat' dir='ltr'>eo</span> <span class='ocrx_word' id='word_1_89' title='bbox 532 1279 717 1318; x_wconf 85' lang='lat' dir='ltr'>alterum</span> <span class='ocrx_word' id='word_1_90' title='bbox 745 1293 906 1318; x_wconf 80' lang='lat' dir='ltr'>novum</span> <span class='ocrx_word' id='word_1_91' title='bbox 933 1280 1198 1323; x_wconf 83' lang='lat' dir='ltr'>membrum,</span> <span class='ocrx_word' id='word_1_92' title='bbox 1228 1279 1349 1330; x_wconf 83' lang='lat' dir='ltr'>quod</span> <span class='ocrx_word' id='word_1_93' title='bbox 1374 1292 1460 1316; x_wconf 85' lang='lat' dir='ltr'>non</span> <span class='ocrx_word' id='word_1_94' title='bbox 1486 1291 1585 1316; x_wconf 88' lang='lat' dir='ltr'>raro</span> <span class='ocrx_word' id='word_1_95' title='bbox 1610 1280 1803 1328; x_wconf 88' lang='lat' dir='ltr'>repetito</span> 
     </span>
     <span class='ocr_line' id='line_1_14' title="bbox 259 1348 1805 1401; baseline -0.002 -13"><span class='ocrx_word' id='word_1_96' title='bbox 259 1351 511 1401; x_wconf 87' lang='lat' dir='ltr'>oppositum</span> <span class='ocrx_word' id='word_1_97' title='bbox 548 1357 628 1394; x_wconf 88' lang='lat' dir='ltr'>est,</span> <span class='ocrx_word' id='word_1_98' title='bbox 661 1350 1013 1400; x_wconf 71' lang='lat' dir='ltr'>0011iu11gatur.‘2)</span> <span class='ocrx_word' id='word_1_99' title='bbox 1067 1349 1166 1387; x_wconf 92' lang='lat' dir='ltr'>Hoc</span> <span class='ocrx_word' id='word_1_100' title='bbox 1191 1362 1336 1399; x_wconf 79' lang='lat' dir='ltr'>genus</span> <span class='ocrx_word' id='word_1_101' title='bbox 1363 1349 1654 1399; x_wconf 77' lang='lat' dir='ltr'>repetitionis,</span> <span class='ocrx_word' id='word_1_102' title='bbox 1685 1348 1805 1399; x_wconf 82' lang='lat' dir='ltr'>quod</span> 
     </span>
     <span class='ocr_line' id='line_1_15' title="bbox 258 1419 1804 1471; baseline -0.002 -12"><span class='ocrx_word' id='word_1_103' title='bbox 258 1421 300 1458; x_wconf 93' lang='lat' dir='ltr'>in</span> <span class='ocrx_word' id='word_1_104' title='bbox 335 1420 505 1471; x_wconf 82' lang='lat' dir='ltr'>eclogis</span> <span class='ocrx_word' id='word_1_105' title='bbox 540 1419 726 1471; x_wconf 81' lang='lat' dir='ltr'>Vergilii</span> <span class='ocrx_word' id='word_1_106' title='bbox 760 1421 866 1458; x_wconf 85' lang='lat' dir='ltr'>satis</span> <span class='ocrx_word' id='word_1_107' title='bbox 898 1432 1036 1470; x_wconf 88' lang='lat' dir='ltr'>saepe</span> <span class='ocrx_word' id='word_1_108' title='bbox 1078 1432 1314 1458; x_wconf 86' lang='lat' dir='ltr'>occurrere</span> <span class='ocrx_word' id='word_1_109' title='bbox 1349 1419 1610 1464; x_wconf 75' lang='lat' dir='ltr'>videbimus,</span> <span class='ocrx_word' id='word_1_110' title='bbox 1645 1433 1668 1457; x_wconf 89' lang='lat' dir='ltr'>a</span> <span class='ocrx_word' id='word_1_111' title='bbox 1703 1419 1804 1456; x_wconf 86' lang='lat' dir='ltr'>viris</span> 
     </span>
     <span class='ocr_line' id='line_1_16' title="bbox 258 1489 1801 1541; baseline -0.002 -12"><span class='ocrx_word' id='word_1_112' title='bbox 258 1490 400 1529; x_wconf 87' lang='lat' dir='ltr'>doctis</span> <span class='ocrx_word' id='word_1_113' title='bbox 455 1491 601 1529; x_wconf 85' lang='lat' dir='ltr'>adhuc</span> <span class='ocrx_word' id='word_1_114' title='bbox 653 1491 781 1529; x_wconf 88' lang='lat' dir='ltr'>nimis</span> <span class='ocrx_word' id='word_1_115' title='bbox 833 1490 1090 1541; x_wconf 83' lang='lat' dir='ltr'>neglectum</span> <span class='ocrx_word' id='word_1_116' title='bbox 1145 1489 1265 1538; x_wconf 81' lang='lat' dir='ltr'>est.3)</span> <span class='ocrx_word' id='word_1_117' title='bbox 1341 1489 1408 1527; x_wconf 69' lang='lat' dir='ltr'>Ex</span> <span class='ocrx_word' id='word_1_118' title='bbox 1454 1489 1672 1539; x_wconf 77' lang='lat' dir='ltr'>exemplis</span> <span class='ocrx_word' id='word_1_119' title='bbox 1717 1490 1801 1526; x_wconf 84' lang='lat' dir='ltr'>iam</span> 
     </span>
     <span class='ocr_line' id='line_1_17' title="bbox 255 1560 1803 1611; baseline -0.002 -12"><span class='ocrx_word' id='word_1_120' title='bbox 255 1568 560 1611; x_wconf 81' lang='lat' dir='ltr'>cognoscetur</span> <span class='ocrx_word' id='word_1_121' title='bbox 587 1574 639 1599; x_wconf 86' lang='lat' dir='ltr'>ea</span> <span class='ocrx_word' id='word_1_122' title='bbox 670 1560 813 1611; x_wconf 81' lang='lat' dir='ltr'>figura</span> <span class='ocrx_word' id='word_1_123' title='bbox 848 1562 1113 1599; x_wconf 78' lang='lat' dir='ltr'>suavitatem</span> <span class='ocrx_word' id='word_1_124' title='bbox 1150 1567 1193 1598; x_wconf 91' lang='lat' dir='ltr'>et</span> <span class='ocrx_word' id='word_1_125' title='bbox 1227 1560 1555 1611; x_wconf 87' lang='lat' dir='ltr'>simplicitatem</span> <span class='ocrx_word' id='word_1_126' title='bbox 1586 1560 1803 1597; x_wconf 80' lang='lat' dir='ltr'>sermonis</span> 
     </span>
     <span class='ocr_line' id='line_1_18' title="bbox 257 1630 1677 1682; baseline -0.001 -13"><span class='ocrx_word' id='word_1_127' title='bbox 257 1630 386 1670; x_wconf 86' lang='lat' dir='ltr'>effici.</span> <span class='ocrx_word' id='word_1_128' title='bbox 449 1631 507 1669; x_wconf 85' lang='lat' dir='ltr'>Hi</span> <span class='ocrx_word' id='word_1_129' title='bbox 541 1631 624 1669; x_wconf 91' lang='lat' dir='ltr'>loci</span> <span class='ocrx_word' id='word_1_130' title='bbox 659 1631 916 1682; x_wconf 77' lang='lat' dir='ltr'>eclogarum</span> <span class='ocrx_word' id='word_1_131' title='bbox 954 1644 1051 1668; x_wconf 88' lang='lat' dir='ltr'>eam</span> <span class='ocrx_word' id='word_1_132' title='bbox 1087 1631 1401 1681; x_wconf 82' lang='lat' dir='ltr'>repetitionem</span> <span class='ocrx_word' id='word_1_133' title='bbox 1437 1630 1677 1681; x_wconf 82' lang='lat' dir='ltr'>praebent:</span> 
     </span>
    </p>
   </div>
   <div class='ocr_carea' id='block_1_7' title="bbox 256 1711 1693 1834">
    <p class='ocr_par' dir='ltr' id='par_1_7' title="bbox 256 1711 1693 1834">
     <span class='ocr_line' id='line_1_19' title="bbox 256 1711 1693 1763; baseline -0.001 -12"><span class='ocrx_word' id='word_1_134' title='bbox 256 1715 381 1761; x_wconf 78' lang='lat'>8‚55:</span> <span class='ocrx_word' id='word_1_135' title='bbox 466 1719 643 1751; x_wconf 89' lang='lat' dir='ltr'>certent</span> <span class='ocrx_word' id='word_1_136' title='bbox 676 1719 722 1750; x_wconf 90' lang='lat' dir='ltr'>et</span> <span class='ocrx_word' id='word_1_137' title='bbox 755 1714 908 1763; x_wconf 72' lang='lat' dir='ltr'>cycnis</span> <span class='ocrx_word' id='word_1_138' title='bbox 944 1713 1098 1757; x_wconf 89' lang='lat' dir='ltr'>ululae,</span> <span class='ocrx_word' id='word_1_139' title='bbox 1132 1714 1188 1751; x_wconf 91' lang='lat' dir='ltr'>sit</span> <span class='ocrx_word' id='word_1_140' title='bbox 1220 1712 1401 1763; x_wconf 74' lang='lat' dir='ltr'>Tityrus</span> <span class='ocrx_word' id='word_1_141' title='bbox 1435 1711 1693 1763; x_wconf 85' lang='lat' dir='ltr'>Orpheus,</span> 
     </span>
     <span class='ocr_line' id='line_1_20' title="bbox 467 1782 1554 1834; baseline -0.001 -12"><span class='ocrx_word' id='word_1_142' title='bbox 467 1782 714 1833; x_wconf 87' lang='lat' dir='ltr'>Orpheus</span> <span class='ocrx_word' id='word_1_143' title='bbox 746 1784 786 1820; x_wconf 91' lang='lat' dir='ltr'>in</span> <span class='ocrx_word' id='word_1_144' title='bbox 823 1782 951 1828; x_wconf 81' lang='lat' dir='ltr'>silvis,</span> <span class='ocrx_word' id='word_1_145' title='bbox 986 1784 1101 1820; x_wconf 86' lang='lat' dir='ltr'>inter</span> <span class='ocrx_word' id='word_1_146' title='bbox 1135 1782 1367 1834; x_wconf 83' lang='lat' dir='ltr'>delphinas</span> <span class='ocrx_word' id='word_1_147' title='bbox 1399 1783 1554 1821; x_wconf 75' lang='lat' dir='ltr'>Arion.</span> 
     </span>
    </p>
   </div>
   <div class='ocr_carea' id='block_1_8' title="bbox 253 1864 1801 2126">
    <p class='ocr_par' dir='ltr' id='par_1_8' title="bbox 253 1864 1801 2126">
     <span class='ocr_line' id='line_1_21' title="bbox 255 1864 1797 1916; baseline -0.002 -13"><span class='ocrx_word' id='word_1_148' title='bbox 255 1865 377 1916; x_wconf 85' lang='lat' dir='ltr'>quod</span> <span class='ocrx_word' id='word_1_149' title='bbox 422 1865 676 1916; x_wconf 79' lang='lat' dir='ltr'>exemplum</span> <span class='ocrx_word' id='word_1_150' title='bbox 718 1866 900 1915; x_wconf 90' lang='lat' dir='ltr'>propius</span> <span class='ocrx_word' id='word_1_151' title='bbox 946 1864 1002 1902; x_wconf 82' lang='lat' dir='ltr'>ad</span> <span class='ocrx_word' id='word_1_152' title='bbox 1048 1864 1349 1915; x_wconf 73' lang='lat' dir='ltr'>epanalepsim</span> <span class='ocrx_word' id='word_1_153' title='bbox 1393 1877 1526 1914; x_wconf 86' lang='lat' dir='ltr'>supra</span> <span class='ocrx_word' id='word_1_154' title='bbox 1560 1871 1797 1901; x_wconf 66' lang='lat' dir='ltr'>tractatam</span> 
     </span>
     <span class='ocr_line' id='line_1_22' title="bbox 255 1920 1801 1986; baseline -0.001 -13"><span class='ocrx_word' id='word_1_155' title='bbox 255 1935 440 1978; x_wconf 84' lang='lat' dir='ltr'>accedit,</span> <span class='ocrx_word' id='word_1_156' title='bbox 457 1936 559 1986; x_wconf 86' lang='lat' dir='ltr'>quia</span> <span class='ocrx_word' id='word_1_157' title='bbox 575 1936 715 1974; x_wconf 84' lang='lat' dir='ltr'>verbo</span> <span class='ocrx_word' id='word_1_158' title='bbox 731 1936 924 1986; x_wconf 90' lang='lat' dir='ltr'>repetito</span> <span class='ocrx_word' id='word_1_159' title='bbox 942 1935 1105 1985; x_wconf 78' lang='lat' dir='ltr'>aliquid</span> <span class='ocrx_word' id='word_1_160' title='bbox 1128 1935 1333 1979; x_wconf 83' lang='lat' dir='ltr'>adicitur;</span> <span class='ocrx_word' id='word_1_161' title='bbox 1358 1920 1621 1985; x_wconf 75' lang='lat' dir='ltr'>plerumque</span> <span class='ocrx_word' id='word_1_162' title='bbox 1640 1941 1801 1978; x_wconf 74' lang='lat' dir='ltr'>autem,</span> 
     </span>
     <span class='ocr_line' id='line_1_23' title="bbox 255 2003 1801 2056; baseline -0.001 -13"><span class='ocrx_word' id='word_1_163' title='bbox 255 2007 373 2056; x_wconf 86' lang='lat' dir='ltr'>quod</span> <span class='ocrx_word' id='word_1_164' title='bbox 408 2019 541 2043; x_wconf 90' lang='lat' dir='ltr'>nemo</span> <span class='ocrx_word' id='word_1_165' title='bbox 576 2003 814 2052; x_wconf 87' lang='lat' dir='ltr'>mirabitur,</span> <span class='ocrx_word' id='word_1_166' title='bbox 854 2006 1103 2043; x_wconf 89' lang='lat' dir='ltr'>membrum</span> <span class='ocrx_word' id='word_1_167' title='bbox 1144 2005 1382 2055; x_wconf 89' lang='lat' dir='ltr'>repetitum</span> <span class='ocrx_word' id='word_1_168' title='bbox 1422 2010 1491 2042; x_wconf 89' lang='lat' dir='ltr'>est</span> <span class='ocrx_word' id='word_1_169' title='bbox 1524 2005 1647 2055; x_wconf 79' lang='lat' dir='ltr'>quasi</span> <span class='ocrx_word' id='word_1_170' title='bbox 1683 2016 1801 2042; x_wconf 89' lang='lat' dir='ltr'>com-</span> 
     </span>
     <span class='ocr_line' id='line_1_24' title="bbox 253 2076 1158 2126; baseline -0.001 -13"><span class='ocrx_word' id='word_1_171' title='bbox 253 2076 462 2126; x_wconf 83' lang='lat' dir='ltr'>pendium</span> <span class='ocrx_word' id='word_1_172' title='bbox 499 2076 737 2114; x_wconf 87' lang='lat' dir='ltr'>verborum</span> <span class='ocrx_word' id='word_1_173' title='bbox 774 2076 1158 2113; x_wconf 88' lang='lat' dir='ltr'>antecedentium:</span> 
     </span>
    </p>
   </div>
   <div class='ocr_carea' id='block_1_9' title="bbox 255 2157 1799 2347">
    <p class='ocr_par' dir='ltr' id='par_1_9' title="bbox 255 2157 1799 2347">
     <span class='ocr_line' id='line_1_25' title="bbox 255 2157 1797 2208; baseline -0.001 -13"><span class='ocrx_word' id='word_1_174' title='bbox 255 2169 291 2206; x_wconf 81' lang='lat'>5,</span> <span class='ocrx_word' id='word_1_175' title='bbox 307 2170 380 2206; x_wconf 82' lang='lat'>50:</span> <span class='ocrx_word' id='word_1_176' title='bbox 464 2170 545 2195; x_wconf 90' lang='lat' dir='ltr'>nos</span> <span class='ocrx_word' id='word_1_177' title='bbox 566 2163 717 2195; x_wconf 89' lang='lat' dir='ltr'>tamen</span> <span class='ocrx_word' id='word_1_178' title='bbox 742 2158 855 2195; x_wconf 85' lang='lat' dir='ltr'>haec</span> <span class='ocrx_word' id='word_1_179' title='bbox 880 2170 1164 2208; x_wconf 81' lang='lat' dir='ltr'>quocumque</span> <span class='ocrx_word' id='word_1_180' title='bbox 1188 2157 1320 2195; x_wconf 86' lang='lat' dir='ltr'>modo</span> <span class='ocrx_word' id='word_1_181' title='bbox 1341 2157 1419 2194; x_wconf 88' lang='lat' dir='ltr'>tibi</span> <span class='ocrx_word' id='word_1_182' title='bbox 1440 2164 1591 2194; x_wconf 86' lang='lat' dir='ltr'>nostra</span> <span class='ocrx_word' id='word_1_183' title='bbox 1609 2157 1797 2194; x_wconf 73' lang='lat' dir='ltr'>vicissim</span> 
     </span>
     <span class='ocr_line' id='line_1_26' title="bbox 466 2226 1798 2277; baseline -0.001 -13"><span class='ocrx_word' id='word_1_184' title='bbox 466 2227 666 2264; x_wconf 85' lang='lat' dir='ltr'>dicemus</span> <span class='ocrx_word' id='word_1_185' title='bbox 697 2227 1059 2277; x_wconf 87' lang='lat' dir='ltr'>Daphnimque</span> <span class='ocrx_word' id='word_1_186' title='bbox 1095 2233 1217 2264; x_wconf 90' lang='lat' dir='ltr'>tuum</span> <span class='ocrx_word' id='word_1_187' title='bbox 1255 2226 1501 2264; x_wconf 88' lang='lat' dir='ltr'>tollemus</span> <span class='ocrx_word' id='word_1_188' title='bbox 1541 2227 1602 2263; x_wconf 86' lang='lat' dir='ltr'>ad</span> <span class='ocrx_word' id='word_1_189' title='bbox 1637 2232 1798 2267; x_wconf 73' lang='lat' dir='ltr'>astra:</span> 
     </span>
     <span class='ocr_line' id='line_1_27' title="bbox 463 2295 1799 2347; baseline -0.001 -13"><span class='ocrx_word' id='word_1_190' title='bbox 463 2296 711 2347; x_wconf 90' lang='lat' dir='ltr'>Daphnin</span> <span class='ocrx_word' id='word_1_191' title='bbox 747 2297 809 2335; x_wconf 88' lang='lat' dir='ltr'>ad</span> <span class='ocrx_word' id='word_1_192' title='bbox 843 2302 985 2334; x_wconf 80' lang='lat' dir='ltr'>astra</span> <span class='ocrx_word' id='word_1_193' title='bbox 1018 2295 1270 2334; x_wconf 82' lang='lat' dir='ltr'>feremus:</span> <span class='ocrx_word' id='word_1_194' title='bbox 1305 2297 1471 2334; x_wconf 76' lang='lat' dir='ltr'>amavit</span> <span class='ocrx_word' id='word_1_195' title='bbox 1505 2309 1585 2334; x_wconf 91' lang='lat' dir='ltr'>nos</span> <span class='ocrx_word' id='word_1_196' title='bbox 1619 2309 1799 2347; x_wconf 76' lang='lat' dir='ltr'>quoque</span> 
     </span>
    </p>
   </div>
   <div class='ocr_carea' id='block_1_10' title="bbox 1540 2365 1798 2417">
    <p class='ocr_par' dir='ltr' id='par_1_10' title="bbox 1540 2365 1798 2417">
     <span class='ocr_line' id='line_1_28' title="bbox 1540 2365 1798 2417; baseline 0 -14"><span class='ocrx_word' id='word_1_197' title='bbox 1540 2366 1755 2417; x_wconf 79' lang='lat' dir='ltr'>Daphnis.</span> <span class='ocrx_word' id='word_1_198' title='bbox 1766 2365 1798 2416; x_wconf 62' lang='lat'>4)</span> 
     </span>
    </p>
   </div>
   <div class='ocr_carea' id='block_1_11' title="bbox 251 2470 1799 2979">
    <p class='ocr_par' dir='ltr' id='par_1_11' title="bbox 375 2470 1394 2511">
     <span class='ocr_line' id='line_1_29' title="bbox 375 2470 1394 2511; baseline 0.001 -10"><span class='ocrx_word' id='word_1_199' title='bbox 375 2471 400 2509; x_wconf 81' lang='lat'>¹)</span> <span class='ocrx_word' id='word_1_200' title='bbox 426 2471 520 2501; x_wconf 89' lang='lat' dir='ltr'>Huic</span> <span class='ocrx_word' id='word_1_201' title='bbox 547 2470 629 2501; x_wconf 91' lang='lat' dir='ltr'>loco</span> <span class='ocrx_word' id='word_1_202' title='bbox 657 2470 792 2502; x_wconf 88' lang='lat' dir='ltr'>similes</span> <span class='ocrx_word' id='word_1_203' title='bbox 819 2474 901 2501; x_wconf 88' lang='lat' dir='ltr'>sunt</span> <span class='ocrx_word' id='word_1_204' title='bbox 927 2481 1058 2502; x_wconf 78' lang='lat' dir='ltr'>versus</span> <span class='ocrx_word' id='word_1_205' title='bbox 1084 2470 1125 2502; x_wconf 83' lang='lat' dir='ltr'>G.</span> <span class='ocrx_word' id='word_1_206' title='bbox 1142 2470 1184 2510; x_wconf 87' lang='lat'>11,</span> <span class='ocrx_word' id='word_1_207' title='bbox 1201 2479 1394 2511; x_wconf 77' lang='lat'>227—229.</span> 
     </span>
    </p>

    <p class='ocr_par' dir='ltr' id='par_1_12' title="bbox 254 2527 1799 2629">
     <span class='ocr_line' id='line_1_30' title="bbox 371 2527 1799 2572; baseline -0.001 -12"><span class='ocrx_word' id='word_1_208' title='bbox 371 2529 398 2571; x_wconf 79' lang='grc'>2)</span> <span class='ocrx_word' id='word_1_209' title='bbox 425 2529 549 2560; x_wconf 87' lang='lat' dir='ltr'>Verba</span> <span class='ocrx_word' id='word_1_210' title='bbox 575 2529 741 2571; x_wconf 86' lang='lat' dir='ltr'>repetita,</span> <span class='ocrx_word' id='word_1_211' title='bbox 777 2529 870 2560; x_wconf 87' lang='lat' dir='ltr'>sicut</span> <span class='ocrx_word' id='word_1_212' title='bbox 895 2529 929 2560; x_wconf 89' lang='lat' dir='ltr'>in</span> <span class='ocrx_word' id='word_1_213' title='bbox 957 2529 1168 2572; x_wconf 84' lang='lat' dir='ltr'>epanalepsi</span> <span class='ocrx_word' id='word_1_214' title='bbox 1196 2539 1303 2571; x_wconf 88' lang='lat' dir='ltr'>supra</span> <span class='ocrx_word' id='word_1_215' title='bbox 1329 2532 1492 2567; x_wconf 84' lang='lat' dir='ltr'>tractata,</span> <span class='ocrx_word' id='word_1_216' title='bbox 1525 2528 1738 2570; x_wconf 80' lang='lat' dir='ltr'>plerumque</span> <span class='ocrx_word' id='word_1_217' title='bbox 1766 2527 1799 2558; x_wconf 85' lang='lat' dir='ltr'>in</span> 
     </span>
     <span class='ocr_line' id='line_1_31' title="bbox 254 2587 1738 2629; baseline -0.001 -10"><span class='ocrx_word' id='word_1_218' title='bbox 254 2587 352 2620; x_wconf 84' lang='lat' dir='ltr'>initio</span> <span class='ocrx_word' id='word_1_219' title='bbox 380 2597 509 2619; x_wconf 84' lang='lat' dir='ltr'>versus</span> <span class='ocrx_word' id='word_1_220' title='bbox 535 2587 653 2629; x_wconf 87' lang='lat' dir='ltr'>posita</span> <span class='ocrx_word' id='word_1_221' title='bbox 680 2592 773 2626; x_wconf 70' lang='lat' dir='ltr'>sunt,</span> <span class='ocrx_word' id='word_1_222' title='bbox 801 2598 882 2619; x_wconf 87' lang='lat' dir='ltr'>cum</span> <span class='ocrx_word' id='word_1_223' title='bbox 909 2588 1082 2620; x_wconf 86' lang='lat' dir='ltr'>maiorem</span> <span class='ocrx_word' id='word_1_224' title='bbox 1110 2588 1182 2619; x_wconf 90' lang='lat' dir='ltr'>vim</span> <span class='ocrx_word' id='word_1_225' title='bbox 1210 2598 1255 2619; x_wconf 85' lang='lat' dir='ltr'>ea</span> <span class='ocrx_word' id='word_1_226' title='bbox 1281 2587 1522 2619; x_wconf 88' lang='lat' dir='ltr'>collocatione</span> <span class='ocrx_word' id='word_1_227' title='bbox 1551 2587 1738 2628; x_wconf 79' lang='lat' dir='ltr'>accipiant.</span> 
     </span>
    </p>

    <p class='ocr_par' dir='ltr' id='par_1_13' title="bbox 251 2644 1798 2805">
     <span class='ocr_line' id='line_1_32' title="bbox 370 2644 1798 2688; baseline -0.001 -12"><span class='ocrx_word' id='word_1_228' title='bbox 370 2646 397 2687; x_wconf 77' lang='lat'>³)</span> <span class='ocrx_word' id='word_1_229' title='bbox 426 2645 608 2687; x_wconf 77' lang='lat' dir='ltr'>Quantum</span> <span class='ocrx_word' id='word_1_230' title='bbox 631 2646 752 2684; x_wconf 87' lang='lat' dir='ltr'>video,</span> <span class='ocrx_word' id='word_1_231' title='bbox 779 2646 878 2677; x_wconf 85' lang='lat' dir='ltr'>solus</span> <span class='ocrx_word' id='word_1_232' title='bbox 897 2644 1104 2678; x_wconf 85' lang='lat' dir='ltr'>Gebauer</span> <span class='ocrx_word' id='word_1_233' title='bbox 1122 2646 1141 2677; x_wconf 95' lang='lat' dir='ltr'>l.</span> <span class='ocrx_word' id='word_1_234' title='bbox 1161 2647 1181 2677; x_wconf 77' lang='lat'>1.</span> <span class='ocrx_word' id='word_1_235' title='bbox 1201 2656 1282 2688; x_wconf 85' lang='lat' dir='ltr'>pag.</span> <span class='ocrx_word' id='word_1_236' title='bbox 1304 2654 1357 2686; x_wconf 81' lang='lat'>51,</span> <span class='ocrx_word' id='word_1_237' title='bbox 1378 2646 1444 2677; x_wconf 83' lang='lat' dir='ltr'>hos</span> <span class='ocrx_word' id='word_1_238' title='bbox 1470 2645 1589 2676; x_wconf 78' lang='lat' dir='ltr'>locos:</span> <span class='ocrx_word' id='word_1_239' title='bbox 1615 2644 1798 2676; x_wconf 87' lang='lat' dir='ltr'>Theocriti</span> 
     </span>
     <span class='ocr_line' id='line_1_33' title="bbox 251 2703 1798 2746; baseline -0.002 -10"><span class='ocrx_word' id='word_1_240' title='bbox 251 2704 299 2736; x_wconf 86' lang='lat' dir='ltr'>id.</span> <span class='ocrx_word' id='word_1_241' title='bbox 319 2714 350 2744; x_wconf 83' lang='lat'>9,</span> <span class='ocrx_word' id='word_1_242' title='bbox 372 2714 447 2746; x_wconf 78' lang='lat' dir='ltr'>lsq.</span> <span class='ocrx_word' id='word_1_243' title='bbox 476 2708 514 2736; x_wconf 84' lang='lat' dir='ltr'>et</span> <span class='ocrx_word' id='word_1_244' title='bbox 538 2704 683 2746; x_wconf 85' lang='lat' dir='ltr'>Vergilii</span> <span class='ocrx_word' id='word_1_245' title='bbox 711 2703 751 2736; x_wconf 92' lang='lat' dir='ltr'>B.</span> <span class='ocrx_word' id='word_1_246' title='bbox 774 2714 804 2746; x_wconf 80' lang='lat'>5,</span> <span class='ocrx_word' id='word_1_247' title='bbox 822 2713 925 2746; x_wconf 83' lang='lat' dir='ltr'>51sq.</span> <span class='ocrx_word' id='word_1_248' title='bbox 953 2705 999 2736; x_wconf 90' lang='lat' dir='ltr'>ob</span> <span class='ocrx_word' id='word_1_249' title='bbox 1026 2704 1280 2746; x_wconf 88' lang='lat' dir='ltr'>repetitionem</span> <span class='ocrx_word' id='word_1_250' title='bbox 1308 2703 1474 2744; x_wconf 81' lang='lat' dir='ltr'>contulit3</span> <span class='ocrx_word' id='word_1_251' title='bbox 1513 2704 1580 2735; x_wconf 86' lang='lat' dir='ltr'>sed</span> <span class='ocrx_word' id='word_1_252' title='bbox 1607 2706 1798 2745; x_wconf 78' lang='lat' dir='ltr'>propterea</span> 
     </span>
     <span class='ocr_line' id='line_1_34' title="bbox 254 2761 1796 2805; baseline -0.001 -12"><span class='ocrx_word' id='word_1_253' title='bbox 254 2762 369 2794; x_wconf 88' lang='lat' dir='ltr'>solum</span> <span class='ocrx_word' id='word_1_254' title='bbox 386 2762 546 2801; x_wconf 85' lang='lat' dir='ltr'>contulit,</span> <span class='ocrx_word' id='word_1_255' title='bbox 562 2762 661 2804; x_wconf 87' lang='lat' dir='ltr'>quod</span> <span class='ocrx_word' id='word_1_256' title='bbox 675 2762 710 2794; x_wconf 87' lang='lat' dir='ltr'>in</span> <span class='ocrx_word' id='word_1_257' title='bbox 725 2766 878 2805; x_wconf 88' lang='lat' dir='ltr'>utroque</span> <span class='ocrx_word' id='word_1_258' title='bbox 894 2773 964 2794; x_wconf 89' lang='lat' dir='ltr'>non</span> <span class='ocrx_word' id='word_1_259' title='bbox 981 2762 1121 2804; x_wconf 87' lang='lat' dir='ltr'>singula</span> <span class='ocrx_word' id='word_1_260' title='bbox 1137 2763 1260 2800; x_wconf 83' lang='lat' dir='ltr'>verba,</span> <span class='ocrx_word' id='word_1_261' title='bbox 1275 2763 1342 2794; x_wconf 87' lang='lat' dir='ltr'>sed</span> <span class='ocrx_word' id='word_1_262' title='bbox 1357 2763 1519 2794; x_wconf 84' lang='lat' dir='ltr'>membra</span> <span class='ocrx_word' id='word_1_263' title='bbox 1534 2761 1686 2804; x_wconf 84' lang='lat' dir='ltr'>repetita</span> <span class='ocrx_word' id='word_1_264' title='bbox 1705 2764 1796 2792; x_wconf 85' lang='lat' dir='ltr'>sunt.</span> 
     </span>
    </p>

    <p class='ocr_par' dir='ltr' id='par_1_14' title="bbox 252 2819 1796 2979">
     <span class='ocr_line' id='line_1_35' title="bbox 369 2819 1796 2863; baseline -0.001 -11"><span class='ocrx_word' id='word_1_265' title='bbox 369 2820 396 2863; x_wconf 75' lang='lat'>⁴)</span> <span class='ocrx_word' id='word_1_266' title='bbox 424 2820 488 2860; x_wconf 84' lang='lat' dir='ltr'>Eo,</span> <span class='ocrx_word' id='word_1_267' title='bbox 515 2821 613 2863; x_wconf 87' lang='lat' dir='ltr'>quod</span> <span class='ocrx_word' id='word_1_268' title='bbox 639 2831 702 2863; x_wconf 88' lang='lat' dir='ltr'>pro</span> <span class='ocrx_word' id='word_1_269' title='bbox 728 2822 842 2853; x_wconf 86' lang='lat' dir='ltr'>verbo</span> <span class='ocrx_word' id='word_1_270' title='bbox 869 2821 1079 2861; x_wconf 72' lang='lat' dir='ltr'>„tollemus‘*‘</span> <span class='ocrx_word' id='word_1_271' title='bbox 1101 2821 1135 2852; x_wconf 90' lang='lat' dir='ltr'>in</span> <span class='ocrx_word' id='word_1_272' title='bbox 1160 2822 1323 2852; x_wconf 83' lang='lat' dir='ltr'>membro</span> <span class='ocrx_word' id='word_1_273' title='bbox 1348 2821 1476 2852; x_wconf 80' lang='lat' dir='ltr'>iterato</span> <span class='ocrx_word' id='word_1_274' title='bbox 1503 2820 1572 2851; x_wconf 91' lang='lat' dir='ltr'>hoc</span> <span class='ocrx_word' id='word_1_275' title='bbox 1593 2819 1796 2861; x_wconf 45' lang='lat' dir='ltr'>„feremuff</span> 
     </span>
     <span class='ocr_line' id='line_1_36' title="bbox 252 2878 1796 2922; baseline -0.002 -11"><span class='ocrx_word' id='word_1_276' title='bbox 252 2879 408 2922; x_wconf 80' lang='lat' dir='ltr'>positum</span> <span class='ocrx_word' id='word_1_277' title='bbox 435 2882 502 2918; x_wconf 88' lang='lat' dir='ltr'>est,</span> <span class='ocrx_word' id='word_1_278' title='bbox 530 2889 588 2911; x_wconf 88' lang='lat' dir='ltr'>res</span> <span class='ocrx_word' id='word_1_279' title='bbox 614 2879 691 2922; x_wconf 89' lang='lat' dir='ltr'>ipsa</span> <span class='ocrx_word' id='word_1_280' title='bbox 718 2888 787 2911; x_wconf 88' lang='lat' dir='ltr'>non</span> <span class='ocrx_word' id='word_1_281' title='bbox 810 2879 1029 2918; x_wconf 85' lang='lat' dir='ltr'>immutatur;</span> <span class='ocrx_word' id='word_1_282' title='bbox 1059 2880 1142 2911; x_wconf 86' lang='lat' dir='ltr'>item</span> <span class='ocrx_word' id='word_1_283' title='bbox 1163 2879 1240 2910; x_wconf 87' lang='lat' dir='ltr'>aliis</span> <span class='ocrx_word' id='word_1_284' title='bbox 1266 2879 1367 2916; x_wconf 87' lang='lat' dir='ltr'>locis,</span> <span class='ocrx_word' id='word_1_285' title='bbox 1395 2879 1454 2920; x_wconf 84' lang='lat' dir='ltr'>qui</span> <span class='ocrx_word' id='word_1_286' title='bbox 1475 2878 1561 2909; x_wconf 84' lang='lat' dir='ltr'>infra</span> <span class='ocrx_word' id='word_1_287' title='bbox 1588 2881 1796 2919; x_wconf 82' lang='lat' dir='ltr'>sequuntur,</span> 
     </span>
     <span class='ocr_line' id='line_1_37' title="bbox 253 2937 1150 2979; baseline -0.001 -10"><span class='ocrx_word' id='word_1_288' title='bbox 253 2937 404 2969; x_wconf 86' lang='lat' dir='ltr'>variatio</span> <span class='ocrx_word' id='word_1_289' title='bbox 430 2937 648 2979; x_wconf 86' lang='lat' dir='ltr'>singulorum</span> <span class='ocrx_word' id='word_1_290' title='bbox 677 2939 869 2970; x_wconf 85' lang='lat' dir='ltr'>verborum</span> <span class='ocrx_word' id='word_1_291' title='bbox 898 2938 1058 2969; x_wconf 86' lang='lat' dir='ltr'>adhibita</span> <span class='ocrx_word' id='word_1_292' title='bbox 1085 2943 1150 2970; x_wconf 85' lang='lat' dir='ltr'>est.</span> 
     </span>
    </p>
   </div>
  </div>
 </body>
</html>
