2222 3417
399 380 538 419 Porro
572 382 614 419 in
650 381 715 419 his
748 383 950 421 versibus

431 464 554 510 5‚88:
611 463 676 501 At
708 469 754 502 tu
789 476 915 502 sume
948 465 1126 515 pedum,
1161 465 1281 517 quod
1316 479 1387 504 me
1420 479 1519 504 cum
1555 479 1693 519 saepe
1725 475 1913 520 rogaret

611 546 699 572 non
736 533 834 572 tulit
864 534 1124 586 Antigenes
1157 537 1223 585 (et
1257 543 1354 574 erat
1387 542 1479 575 tum
1516 537 1679 588 dignus
1711 539 1863 588 amari)

611 603 855 643 formosum
890 606 1072 656 paribus
1106 606 1233 644 nodis
1269 612 1404 658 atque
1439 620 1556 654 aere,
1590 607 1807 648 Menalca.

398 686 647 724 membrum
695 686 913 737 particula
956 690 1052 736 „eff
1097 700 1197 726 cum
1239 689 1390 727 verbis
1429 690 1809 740 praecedentibus
1847 703 1951 729 con-

396 756 594 794 iunctum
631 769 816 794 munere
852 759 1070 796 enuntiati
1103 759 1352 797 concessivi
1391 758 1519 811 fungi
1559 766 1759 811 apparet.
1821 759 1950 800 Com-

398 826 677 864 memorandi
711 840 810 865 esse
845 827 948 865 mihi
982 829 1192 867 videntur
1225 829 1265 867 hi
1301 842 1480 881 quoque
1513 843 1690 869 versus:

427 924 551 968 3‚64:
608 919 726 959 Malo
760 933 832 958 me
867 919 1059 960 Galatea
1091 923 1216 972 petit,
1249 922 1414 962 lasciva
1447 923 1606 975 puella,

607 996 660 1028 et
692 990 807 1041 fugit
841 991 897 1029 ad
930 991 1100 1035 salices,
1135 997 1188 1030 et
1221 1005 1269 1030 se
1303 994 1428 1044 cupit
1459 999 1564 1032 ante
1597 994 1749 1033 videri.

395 1073 437 1110 in
473 1073 634 1124 quibus
673 1075 894 1112 suavitate
935 1080 981 1112 et
1019 1074 1304 1125 simplicitate
1345 1075 1569 1127 loquendi,
1610 1089 1725 1127 quae
1764 1088 1862 1114 cum
1898 1088 1946 1114 re

394 1150 575 1181 narrata
609 1144 726 1181 bene
761 1146 981 1195 congruit,
1016 1146 1097 1183 tria
1131 1146 1336 1184 membra
1375 1147 1654 1196 paratactica
1695 1159 1776 1197 pro
1810 1159 1947 1185 enun-

392 1214 512 1251 tiatis
545 1213 870 1264 temporalibus
904 1221 950 1252 et
982 1217 1254 1254 concessivis
1287 1217 1433 1266 posita
1466 1222 1590 1261 sunt;
1625 1216 1668 1254 id
1702 1216 1823 1267 quod
1856 1228 1945 1254 non

393 1284 762 1323 animadvertitur
801 1298 855 1323 eo
896 1285 993 1324 loco
1028 1284 1269 1332 Theocriti,
1309 1299 1443 1337 quem
1481 1285 1706 1337 Vergilius
1748 1287 1945 1325 imitatus

392 1362 479 1392 est:
515 1354 569 1392 id.
598 1367 629 1402 5,
647 1356 699 1393 88
713 1368 778 1406 sq.
840 1354 1001 1406 Neque
1026 1356 1108 1394 hos
1131 1369 1287 1394 versus
1310 1356 1613 1408 negligendos
1637 1369 1736 1395 esse
1760 1368 1945 1396 censeo:

424 1460 546 1498 7.14:
605 1449 708 1500 quid
742 1448 967 1488 facerem?
1001 1463 1148 1501 neque
1183 1463 1271 1501 ego
1306 1450 1531 1502 Alcippen
1566 1463 1650 1489 nec
1684 1449 1886 1502 Phyllida

1706 1520 1945 1567 habebam,

602 1589 814 1640 depulsos
848 1603 873 1627 a
905 1589 1021 1628 lacte
1055 1590 1173 1628 domi
1209 1603 1324 1642 quae
1360 1589 1594 1630 clauderet
1627 1603 1783 1642 agnos.

601 1666 653 1698 et
686 1667 917 1698 certamen
947 1666 1055 1707 erat,
1078 1659 1286 1712 Corydon
1324 1674 1422 1700 cum
1450 1660 1682 1711 Thyrside,
1716 1672 1944 1710 magnum.

601 1731 842 1781 posthabui
876 1737 1027 1769 tamen
1062 1730 1232 1769 illorum
1270 1744 1369 1769 mea
1401 1732 1517 1768 seria
1546 1730 1660 1768 ludo.

389 1813 429 1850 in
455 1813 615 1864 quibus
638 1812 854 1863 particula
879 1812 1133 1863 copulativa
1158 1812 1244 1850 duo
1271 1813 1514 1857 enuntiata,
1539 1824 1725 1863 quorum
1753 1811 1939 1850 alterum

387 1895 485 1921 cum
518 1883 664 1933 priore
695 1883 844 1933 potius
874 1883 1188 1921 coniunctione
1213 1883 1474 1921 concessiva
1503 1884 1656 1930 „cum⁵·'
1684 1888 1941 1927 connectas,

387 1954 627 1991 coniuncta
673 1960 796 1995 sunt:
851 1953 972 2003 quod
1018 1952 1280 2003 intelligitur
1325 1953 1538 2003 imprimis
1591 1965 1648 1990 ex
1695 1964 1771 1990 usu
1820 1951 1941 1989 vocis

391 2026 611 2073 ‚.tamen“‚
646 2036 762 2074 quae
788 2036 873 2061 non
911 2022 966 2060 ad
997 2023 1274 2061 enuntiatum
1308 2023 1557 2073 proximum
1591 2024 1644 2072 (v.
1674 2021 1748 2069 16),
1781 2020 1862 2058 sed
1885 2020 1941 2058 ad

387 2106 542 2131 versus
582 2106 704 2144 14sq.
742 2092 900 2131 referri
935 2093 1083 2131 debet.
1148 2092 1262 2131 Huic
1298 2092 1393 2131 loco
1429 2092 1558 2131 alium
1594 2092 1761 2130 addere
1797 2090 1939 2137 liceat,

387 2176 474 2214 quo
500 2169 741 2201 contextus
766 2165 1089 2201 sententiarum
1116 2163 1278 2207 similis,
1312 2163 1395 2200 etsi
1419 2162 1551 2212 paulo
1577 2160 1806 2206 difficilior,
1839 2173 1939 2199 esse

388 2234 491 2272 mihi
528 2235 721 2272 videtur:

418 2329 517 2371 §.82
600 2335 825 2377 agrestem
863 2327 984 2364 tenui
1019 2326 1272 2364 meditabor
1305 2325 1552 2364 harundine
1588 2323 1773 2363 Musam.

600 2410 687 2435 non
713 2398 876 2435 iniussa
899 2409 1032 2441 cano:
1067 2397 1099 2433 si
1127 2397 1223 2447 quis
1249 2403 1398 2433 tamen
1426 2395 1537 2432 haec
1562 2407 1754 2445 quoque,
1782 2395 1817 2432 si
1841 2394 1938 2445 quis

600 2475 759 2518 captus
793 2480 945 2505 amore
981 2466 1115 2517 leget,
1150 2472 1194 2504 te
1229 2472 1421 2509 nostrae,
1454 2463 1588 2509 Vare,
1623 2464 1832 2515 myricae,

599 2544 643 2574 te
679 2550 834 2574 nemus
869 2550 1000 2575 omne
1035 2543 1189 2580 canet:

386 2631 426 2668 in
462 2630 624 2680 quibus
657 2631 859 2668 versibus
894 2631 996 2668 item
1025 2643 1110 2668 non
1145 2629 1201 2667 ad
1234 2629 1372 2667 verba
1401 2629 1605 2679 proxima
1630 2627 1714 2666 hoc
1739 2631 1938 2672 „tamen“

385 2707 574 2751 spectat,
613 2701 692 2738 sed
734 2701 789 2738 ad
831 2713 1005 2738 versum
1043 2702 1087 2745 8;
1134 2706 1375 2750 propterea
1419 2698 1575 2737 verba:
1620 2710 1732 2747 „non
1775 2697 1937 2734 iniussa

386 2772 526 2808 ca1io“
564 2777 744 2808 exstare
779 2783 858 2820 pro
893 2771 1124 2808 enuntiato
1159 2769 1344 2809 causali:
1395 2769 1627 2820 „quoniam
1675 2773 1718 2804 te
1753 2767 1935 2804 iubente

385 2852 527 2878 cano⁰
554 2847 675 2891 puto,
699 2840 816 2891 quod
843 2853 939 2879 cum
968 2841 1050 2878 hac
1074 2840 1318 2878 sententia:
1355 2846 1425 2886 7,te
1451 2845 1643 2883 nostrae,
1667 2835 1798 2882 Vare,
1821 2836 1931 2874 etc.“

385 2910 750 2960 coniungvndum
786 2911 854 2949 sit.
