2253 3443
902 300 957 304 —.
1021 288 1070 326 27
1138 299 1191 304 —-

274 394 313 446 γ)
357 396 394 441 8,
413 406 485 444 79:
545 397 594 446 τᾷ
627 393 725 444 ὃρυῖ·
751 393 812 432 ταὶ
843 393 1015 445 βάλανοι
1047 393 1218 444 κόσμος,
1250 397 1299 445 τᾷ
1329 392 1469 444 μάλιὸι
1500 392 1623 443 μᾶλα,

561 468 569 482 l
668 469 679 483 ’Ξ
1076 467 1084 481 1
1237 468 1248 483 ⁸:
1626 467 1637 482 ὗ

769 467 780 482 3
910 468 920 482 3
1386 466 1396 481 ss

542 491 590 539 τᾷ
621 487 695 539 βοῒ
722 486 787 526 <Sui
818 486 988 539 μόσχος,
1018 484 1022 539 Ι
1050 490 1109 538 τῷ
1140 486 1339 538 βουκόλῳ
1373 486 1414 525 αῖ
1440 467 1537 538 [3629
1565 486 1693 525 αὗταί.

356 593 480 630 Q,31:
543 582 663 627 τέττιξ
692 580 769 633 μὲν
799 581 935 632 τέττιγι
968 580 1097 632 φίλος,
1129 580 1320 632 μύρμακι
1351 579 1394 619 δὲ
1421 579 1611 631 μύρμαξ,

625 656 633 670 l
846 656 857 670 *2
1034 656 1045 670 2¹
1196 655 1204 669 1
1315 654 1324 669 l
1562 654 1570 668 l

543 676 683 726 ἴρηκες
717 674 751 714 δ’
787 675 927 726 ἴρηξιν,
957 672 961 728 Ι
990 674 1080 726 ἐμὶν
1113 674 1148 713 δ’
1183 674 1208 712 ἁ
1240 673 1385 713 ΣΙΙοῖσα
1418 673 1488 712 καὶ
1519 672 1622 724 ᾠὸά.

333 782 480 818 11,19:
545 767 581 808 ὦ
613 768 738 809 λευκὰ
771 767 984 814 Γαλάτεια,
1018 769 1054 807 τί
1081 767 1151 807 τὸν
1182 767 1357 819 φιλέοντ’
1392 767 1618 819 ἀποβάλλῃ,

542 851 762 902 λευκοτέρα
794 853 954 893 murac
984 849 1173 895 ποτιὸεῖν,
1206 849 1453 899 ἁπαλωτέρα
1486 849 1623 899 ἄρνος,

625 925 634 940 1
1402 923 1410 937 1
1591 923 1599 937 1

830 926 840 940 ’.ἶ
1142 925 1152 939 2

541 944 690 996 μόσχω
724 945 965 996 γαυροτέρα,
996 942 999 995 Ι
1029 944 1267 996 φιαρωτέρα
1302 943 1500 995 ὄμφακος
1528 943 1671 993 (ὑμᾶς,-

973 1049 1022 1095 H,
1049 1062 1123 1087 2a:

554 1124 562 1138 1
635 1125 640 1133 ‘
731 1123 741 1138 3
890 1124 900 1139 -l
1050 1123 1058 1137 Ι
1171 1124 1177 1132 '
1286 1122 1296 1136 ’ἲ
1397 1122 1407 1137 -Ι

274 1147 309 1194 γ)
333 1156 394 1188 10,
413 1156 483 1192 30:
545 1143 570 1181 ἆ
603 1145 670 1188 αἲξ
700 1143 772 1181 τὰν
803 1143 980 1187 κύτισον,
1011 1142 1014 1195 Ι
1044 1142 1067 1181 ὁ
1098 1142 1225 1185 λύκος
1256 1141 1328 1180 τὰν
1361 1141 1454 1192 αἶγα
1489 1140 1641 1183 διώκει,

544 1225 569 1263 ἁ
603 1225 775 1276 γέρανος
806 1225 1029 1274 τῶροϊρον,
1064 1223 1146 1275 ἐγὼ
1181 1223 1216 1262 δ’
1252 1223 1315 1262 ἐπὶ
1346 1223 1404 1262 τὶν
1434 1223 1687 1274 μεμάνημαι.

972 1329 1129 1373 IL2b:

273 1417 488 1461 a)11,45:
554 1425 686 1463 quem
722 1425 898 1449 versum
934 1411 1068 1449 modo
1103 1411 1330 1460 exscripsi.

393 1517 686 1555 Inveniuntur
719 1518 855 1568 igitur
887 1517 929 1554 in
965 1519 1048 1565 890
1071 1515 1275 1553 versibus
1309 1514 1464 1553 horum
1501 1514 1744 1552 carminum
1773 1526 1822 1562 33

273 1587 484 1638 exempla
508 1588 636 1626 huius
662 1586 993 1638 aequabilitatis
1017 1585 1420 1630 hemistichiorum3
1446 1597 1498 1622 ea
1522 1585 1658 1634 igitur
1681 1583 1825 1622 Theo-

274 1659 409 1697 critus
454 1657 585 1709 paulo
632 1659 770 1696 rarius
817 1670 947 1708 quam
991 1655 1214 1707 Vergilius
1259 1656 1300 1693 in
1342 1654 1562 1692 Bucolicis
1603 1667 1705 1692 usus
1746 1660 1826 1692 est.

274 1728 519 1767 Numerum
547 1740 751 1779 versuum
778 1726 1053 1777 singularum
1080 1726 1283 1764 classium
1309 1726 1572 1764 brevissime
1597 1724 1667 1762 hic
1690 1724 1826 1761 index

273 1799 481 1849 praebet:
513 1798 641 1847 1:23,
680 1797 736 1836 H:
772 1811 831 1843 ro,
876 1810 1006 1845 1:19,
1048 1809 1089 1835 2:
1122 1809 1183 1844 14,
1223 1810 1264 1834 a:
1294 1808 1328 1844 5,
1370 1796 1416 1834 b:
1446 1797 1510 1849 28',
1550 1809 1593 1833 a:
1623 1806 1683 1843 17,
1722 1796 1765 1845 sj':
1790 1808 1825 1842 4,

275 1881 314 1920 7:
350 1881 410 1915 11,
444 1868 484 1907 (32
518 1882 548 1907 1.
609 1867 803 1906 Primum
841 1880 1052 1906 numerus
1087 1879 1238 1905 eorum
1275 1878 1503 1912 versuum,
1543 1865 1703 1916 quibus
1737 1877 1824 1902 non

275 1938 358 1977 alia
397 1939 601 1977 membra
641 1938 793 1976 addita
832 1944 934 1976 sunt
973 1937 1036 1987 (Ι),
1084 1936 1221 1975 multo
1262 1937 1402 1974 maior
1435 1942 1504 1973 est
1537 1948 1670 1986 quam
1707 1940 1825 1972 cete-

274 2022 421 2047 rorum
458 2009 543 2059 (H);
578 2010 760 2059 insuper
792 2009 831 2046 in
869 2008 934 2046 his
969 2008 1187 2054 omnibus,
1221 2007 1263 2044 id
1293 2006 1411 2057 quod
1441 2006 1496 2043 de
1525 2005 1682 2043 eadem
1708 2017 1755 2042 re
1784 2005 1824 2041 in

276 2079 446 2130 eclogis
480 2078 670 2130 Vergilii
715 2080 1071 2123 observavimus,
1117 2091 1170 2116 ea
1218 2077 1422 2115 membra
1460 2088 1557 2114 cum
1607 2074 1826 2126 parallelis

276 2150 532 2196 coniuncta,
571 2162 669 2188 cum
712 2150 754 2187 in
796 2150 900 2200 ipsis
935 2162 1115 2200 quoque
1149 2147 1275 2198 plura
1307 2147 1449 2185 verba
1483 2146 1629 2189 verbis
1669 2146 1822 2183 horum

276 2219 600 2271 respondeant,
653 2220 959 2271 symmetriam
1015 2231 1104 2257 non
1159 2217 1329 2263 delent,
1382 2216 1463 2254 sed
1519 2216 1826 2254 corroborant.

276 2289 452 2328 Deinde
477 2289 560 2335 hic,
591 2295 639 2327 ut
660 2291 701 2327 in
726 2289 947 2328 Bucolicis
964 2288 1162 2339 Vergilii,
1193 2300 1403 2325 numerus
1427 2299 1578 2324 eorum
1606 2297 1827 2330 versuum,

276 2361 319 2398 in
365 2372 551 2411 quorum
600 2360 812 2397 membris
853 2359 1115 2410 aequalibus
1155 2357 1319 2396 nullum
1360 2357 1547 2394 verbum
1588 2366 1825 2393 commune

278 2435 429 2468 exstat
451 2430 517 2479 (1),
550 2436 736 2481 superat
758 2442 988 2468 numerum
1016 2435 1269 2468 ceterorum
1295 2428 1362 2476 (2).
1415 2425 1604 2471 Versus,
1639 2436 1824 2475 quorum

279 2500 457 2538 dimidia
491 2501 741 2538 accuratius
774 2501 857 2537 sibi
891 2499 1170 2549 respondent
1204 2499 1275 2543 (a),
1316 2508 1587 2548 quamquam
1625 2508 1649 2532 a
1683 2493 1827 2532 Theo—

279 2571 389 2608 crito
424 2569 561 2608 multo
593 2571 734 2608 rarius
758 2570 943 2608 adhibiti
969 2574 1073 2607 sunt
1100 2581 1231 2619 quam
1262 2581 1286 2605 a
1310 2566 1524 2617 Vergilio,
1558 2572 1709 2602 tamen
1739 2576 1826 2601 non

279 2640 452 2678 desunt.
516 2639 625 2678 Tum
670 2640 723 2677 de
764 2640 907 2678 modis
946 2638 1252 2689 coniungendi
1287 2637 1522 2676 dicendum
1567 2641 1635 2673 est
1667 2634 1828 2684 repeti-

280 2711 459 2755 tionem,
493 2715 540 2748 ut
572 2711 611 2748 in
638 2709 825 2761 Vergilii
860 2708 1096 2754 Bucolicis,
1136 2709 1397 2758 saepissime
1438 2706 1679 2744 adhibitam
1717 2716 1828 2747 esse,

279 2792 416 2831 saepe
451 2780 720 2831 asyndeton,
758 2780 981 2817 rarissimo
1016 2778 1259 2829 simplicem
1297 2777 1657 2815 coniunctionem
1694 2786 1828 2824 copu-

281 2850 472 2888 lativam.
511 2874 565 2877 —
605 2848 894 2889 Concinnitas
934 2849 1233 2887 membrorum
1276 2848 1423 2898 posita
1462 2851 1530 2884 est
1569 2846 1609 2882 in
1644 2843 1829 2894 singulis

283 2921 533 2958 nominibus
567 2933 812 2971 eorumque
848 2920 1072 2958 attributis
1104 2919 1171 2956 his
1204 2917 1330 2956 locis:
1372 2930 1404 2961 1,
1429 2919 1480 2964 83
1517 2922 1562 2952 et
1601 2927 1633 2960 1,
1662 2926 1752 2959 100,
1787 2915 1826 2952 in
