<?xml version="1.0" encoding="UTF-8"?>
<!DOCTYPE html PUBLIC "-//W3C//DTD XHTML 1.0 Transitional//EN"
    "http://www.w3.org/TR/xhtml1/DTD/xhtml1-transitional.dtd">
<html xmlns="http://www.w3.org/1999/xhtml" xml:lang="en" lang="en">
 <head>
  <title>
</title>
<meta http-equiv="Content-Type" content="text/html;charset=utf-8" />
  <meta name='ocr-system' content='tesseract 3.04.00' />
  <meta name='ocr-capabilities' content='ocr_page ocr_carea ocr_par ocr_line ocrx_word'/>
</head>
<body>
  <div class='ocr_page' id='page_1' title='image "./devergiliistilob00gimmuoft_0127.png"; bbox 0 0 2222 3417; ppageno 0'>
   <div class='ocr_carea' id='block_1_1' title="bbox 886 286 1203 322">
    <p class='ocr_par' dir='ltr' id='par_1_1' title="bbox 886 286 1203 322">
     <span class='ocr_line' id='line_1_1' title="bbox 886 286 1203 322; baseline 0 -21"><span class='ocrx_word' id='word_1_1' title='bbox 886 286 1203 322; x_wconf 62' lang='lat'>-123-</span> 
     </span>
    </p>
   </div>
   <div class='ocr_carea' id='block_1_2' title="bbox 260 389 1819 1986">
    <p class='ocr_par' dir='ltr' id='par_1_2' title="bbox 260 389 1819 1986">
     <span class='ocr_line' id='line_1_2' title="bbox 268 389 1819 441; baseline 0 -12"><span class='ocrx_word' id='word_1_2' title='bbox 268 392 450 441; x_wconf 86' lang='lat' dir='ltr'>genium</span> <span class='ocrx_word' id='word_1_3' title='bbox 491 390 575 429; x_wconf 89' lang='lat' dir='ltr'>stili</span> <span class='ocrx_word' id='word_1_4' title='bbox 616 390 805 429; x_wconf 84' lang='lat' dir='ltr'>bucolici</span> <span class='ocrx_word' id='word_1_5' title='bbox 844 404 869 429; x_wconf 88' lang='lat' dir='ltr'>a</span> <span class='ocrx_word' id='word_1_6' title='bbox 909 389 1149 429; x_wconf 81' lang='lat' dir='ltr'>Theocrito</span> <span class='ocrx_word' id='word_1_7' title='bbox 1189 391 1359 428; x_wconf 92' lang='lat' dir='ltr'>inventi</span> <span class='ocrx_word' id='word_1_8' title='bbox 1398 391 1457 429; x_wconf 85' lang='lat' dir='ltr'>ita</span> <span class='ocrx_word' id='word_1_9' title='bbox 1494 392 1727 438; x_wconf 81' lang='lat' dir='ltr'>revixisse,</span> <span class='ocrx_word' id='word_1_10' title='bbox 1772 397 1819 429; x_wconf 88' lang='lat' dir='ltr'>ut</span> 
     </span>
     <span class='ocr_line' id='line_1_3' title="bbox 269 460 1818 512; baseline 0 -13"><span class='ocrx_word' id='word_1_11' title='bbox 269 473 366 499; x_wconf 88' lang='lat' dir='ltr'>cum</span> <span class='ocrx_word' id='word_1_12' title='bbox 410 462 616 500; x_wconf 84' lang='lat' dir='ltr'>libertate</span> <span class='ocrx_word' id='word_1_13' title='bbox 656 461 957 499; x_wconf 68' lang='lat' dir='ltr'>adhiberetur.</span> <span class='ocrx_word' id='word_1_14' title='bbox 1025 460 1254 499; x_wconf 81' lang='lat' dir='ltr'>Interdum</span> <span class='ocrx_word' id='word_1_15' title='bbox 1298 474 1479 512; x_wconf 91' lang='lat' dir='ltr'>quoque</span> <span class='ocrx_word' id='word_1_16' title='bbox 1522 463 1818 512; x_wconf 88' lang='lat' dir='ltr'>cognovimus</span> 
     </span>
     <span class='ocr_line' id='line_1_4' title="bbox 269 530 1816 583; baseline 0.001 -15"><span class='ocrx_word' id='word_1_17' title='bbox 269 530 515 582; x_wconf 78' lang='lat' dir='ltr'>Vergilium</span> <span class='ocrx_word' id='word_1_18' title='bbox 542 531 762 583; x_wconf 84' lang='lat' dir='ltr'>quaedam</span> <span class='ocrx_word' id='word_1_19' title='bbox 799 531 930 582; x_wconf 87' lang='lat' dir='ltr'>paulo</span> <span class='ocrx_word' id='word_1_20' title='bbox 965 532 1110 582; x_wconf 83' lang='lat' dir='ltr'>magis</span> <span class='ocrx_word' id='word_1_21' title='bbox 1143 536 1220 569; x_wconf 86' lang='lat' dir='ltr'>aut</span> <span class='ocrx_word' id='word_1_22' title='bbox 1254 531 1337 569; x_wconf 86' lang='lat' dir='ltr'>alio</span> <span class='ocrx_word' id='word_1_23' title='bbox 1372 531 1505 569; x_wconf 88' lang='lat' dir='ltr'>modo</span> <span class='ocrx_word' id='word_1_24' title='bbox 1537 533 1816 582; x_wconf 76' lang='lat' dir='ltr'>usurpavisse</span> 
     </span>
     <span class='ocr_line' id='line_1_5' title="bbox 269 600 1817 653; baseline 0.001 -14"><span class='ocrx_word' id='word_1_25' title='bbox 269 606 404 652; x_wconf 89' lang='lat' dir='ltr'>atque</span> <span class='ocrx_word' id='word_1_26' title='bbox 445 601 746 642; x_wconf 84' lang='lat' dir='ltr'>Theocritum.</span> <span class='ocrx_word' id='word_1_27' title='bbox 816 600 1117 652; x_wconf 77' lang='lat' dir='ltr'>Quaerentes,</span> <span class='ocrx_word' id='word_1_28' title='bbox 1158 602 1265 653; x_wconf 91' lang='lat' dir='ltr'>quid</span> <span class='ocrx_word' id='word_1_29' title='bbox 1303 606 1469 652; x_wconf 89' lang='lat' dir='ltr'>poetae</span> <span class='ocrx_word' id='word_1_30' title='bbox 1509 601 1699 640; x_wconf 83' lang='lat' dir='ltr'>bucolici</span> <span class='ocrx_word' id='word_1_31' title='bbox 1738 601 1817 640; x_wconf 92' lang='lat' dir='ltr'>illis</span> 
     </span>
     <span class='ocr_line' id='line_1_6' title="bbox 268 670 1812 723; baseline 0.001 -14"><span class='ocrx_word' id='word_1_32' title='bbox 268 670 462 710; x_wconf 88' lang='lat' dir='ltr'>artificiis</span> <span class='ocrx_word' id='word_1_33' title='bbox 496 674 809 723; x_wconf 76' lang='lat' dir='ltr'>appetiverint,</span> <span class='ocrx_word' id='word_1_34' title='bbox 843 671 1142 711; x_wconf 78' lang='lat' dir='ltr'>intelleximus</span> <span class='ocrx_word' id='word_1_35' title='bbox 1169 673 1219 710; x_wconf 91' lang='lat' dir='ltr'>iis</span> <span class='ocrx_word' id='word_1_36' title='bbox 1242 673 1519 723; x_wconf 86' lang='lat' dir='ltr'>potissimum</span> <span class='ocrx_word' id='word_1_37' title='bbox 1547 673 1812 710; x_wconf 86' lang='lat' dir='ltr'>suavitatem</span> 
     </span>
     <span class='ocr_line' id='line_1_7' title="bbox 268 742 1816 793; baseline 0.001 -14"><span class='ocrx_word' id='word_1_38' title='bbox 268 747 313 779; x_wconf 90' lang='lat' dir='ltr'>et</span> <span class='ocrx_word' id='word_1_39' title='bbox 357 742 686 793; x_wconf 84' lang='lat' dir='ltr'>simplicitatem</span> <span class='ocrx_word' id='word_1_40' title='bbox 735 743 911 782; x_wconf 90' lang='lat' dir='ltr'>dicendi</span> <span class='ocrx_word' id='word_1_41' title='bbox 955 742 1198 781; x_wconf 87' lang='lat' dir='ltr'>sublimiori</span> <span class='ocrx_word' id='word_1_42' title='bbox 1243 748 1289 780; x_wconf 91' lang='lat' dir='ltr'>et</span> <span class='ocrx_word' id='word_1_43' title='bbox 1336 743 1534 793; x_wconf 79' lang='lat' dir='ltr'>graviori</span> <span class='ocrx_word' id='word_1_44' title='bbox 1578 742 1677 780; x_wconf 85' lang='lat' dir='ltr'>stilo</span> <span class='ocrx_word' id='word_1_45' title='bbox 1724 755 1816 780; x_wconf 87' lang='lat' dir='ltr'>car-</span> 
     </span>
     <span class='ocr_line' id='line_1_8' title="bbox 268 812 1815 863; baseline 0.001 -14"><span class='ocrx_word' id='word_1_46' title='bbox 268 813 430 850; x_wconf 89' lang='lat' dir='ltr'>minum</span> <span class='ocrx_word' id='word_1_47' title='bbox 468 813 748 852; x_wconf 88' lang='lat' dir='ltr'>heroicorum</span> <span class='ocrx_word' id='word_1_48' title='bbox 784 814 1052 851; x_wconf 84' lang='lat' dir='ltr'>contrariam</span> <span class='ocrx_word' id='word_1_49' title='bbox 1091 812 1298 851; x_wconf 80' lang='lat' dir='ltr'>effectam</span> <span class='ocrx_word' id='word_1_50' title='bbox 1335 825 1446 851; x_wconf 89' lang='lat' dir='ltr'>esse.</span> <span class='ocrx_word' id='word_1_51' title='bbox 1498 812 1718 863; x_wconf 86' lang='lat' dir='ltr'>Imprimis</span> <span class='ocrx_word' id='word_1_52' title='bbox 1742 813 1815 851; x_wconf 87' lang='lat' dir='ltr'>ad-</span> 
     </span>
     <span class='ocr_line' id='line_1_9' title="bbox 267 882 1815 934; baseline 0.001 -15"><span class='ocrx_word' id='word_1_53' title='bbox 267 882 539 921; x_wconf 90' lang='lat' dir='ltr'>monendum</span> <span class='ocrx_word' id='word_1_54' title='bbox 575 888 644 921; x_wconf 86' lang='lat' dir='ltr'>est</span> <span class='ocrx_word' id='word_1_55' title='bbox 676 884 789 923; x_wconf 90' lang='lat' dir='ltr'>haec</span> <span class='ocrx_word' id='word_1_56' title='bbox 822 883 907 921; x_wconf 89' lang='lat' dir='ltr'>stili</span> <span class='ocrx_word' id='word_1_57' title='bbox 939 882 1131 921; x_wconf 89' lang='lat' dir='ltr'>bucolici</span> <span class='ocrx_word' id='word_1_58' title='bbox 1156 883 1347 934; x_wconf 87' lang='lat' dir='ltr'>propria,</span> <span class='ocrx_word' id='word_1_59' title='bbox 1382 895 1654 934; x_wconf 89' lang='lat' dir='ltr'>quamquam</span> <span class='ocrx_word' id='word_1_60' title='bbox 1681 896 1815 934; x_wconf 88' lang='lat' dir='ltr'>quae-</span> 
     </span>
     <span class='ocr_line' id='line_1_10' title="bbox 266 951 1814 1004; baseline 0.001 -15"><span class='ocrx_word' id='word_1_61' title='bbox 266 952 366 990; x_wconf 83' lang='lat' dir='ltr'>dam</span> <span class='ocrx_word' id='word_1_62' title='bbox 393 951 589 991; x_wconf 82' lang='lat' dir='ltr'>artificiis</span> <span class='ocrx_word' id='word_1_63' title='bbox 611 953 847 992; x_wconf 89' lang='lat' dir='ltr'>rhetoricis</span> <span class='ocrx_word' id='word_1_64' title='bbox 868 953 1023 991; x_wconf 82' lang='lat' dir='ltr'>similia</span> <span class='ocrx_word' id='word_1_65' title='bbox 1041 958 1156 1000; x_wconf 89' lang='lat' dir='ltr'>sunt,</span> <span class='ocrx_word' id='word_1_66' title='bbox 1179 966 1463 1004; x_wconf 82' lang='lat' dir='ltr'>nequaquam</span> <span class='ocrx_word' id='word_1_67' title='bbox 1486 967 1542 991; x_wconf 81' lang='lat' dir='ltr'>ex</span> <span class='ocrx_word' id='word_1_68' title='bbox 1562 953 1814 992; x_wconf 78' lang='lat' dir='ltr'>elocutione</span> 
     </span>
     <span class='ocr_line' id='line_1_11' title="bbox 266 1022 1813 1074; baseline 0.001 -14"><span class='ocrx_word' id='word_1_69' title='bbox 266 1034 291 1060; x_wconf 86' lang='lat' dir='ltr'>a</span> <span class='ocrx_word' id='word_1_70' title='bbox 321 1023 577 1062; x_wconf 89' lang='lat' dir='ltr'>rhetoribus</span> <span class='ocrx_word' id='word_1_71' title='bbox 612 1023 790 1062; x_wconf 78' lang='lat' dir='ltr'>exculta</span> <span class='ocrx_word' id='word_1_72' title='bbox 823 1024 965 1074; x_wconf 75' lang='lat' dir='ltr'>petita</span> <span class='ocrx_word' id='word_1_73' title='bbox 1000 1036 1115 1070; x_wconf 91' lang='lat' dir='ltr'>esse,</span> <span class='ocrx_word' id='word_1_74' title='bbox 1148 1023 1271 1062; x_wconf 86' lang='lat' dir='ltr'>velut</span> <span class='ocrx_word' id='word_1_75' title='bbox 1304 1024 1526 1074; x_wconf 83' lang='lat' dir='ltr'>quaedam</span> <span class='ocrx_word' id='word_1_76' title='bbox 1562 1024 1617 1062; x_wconf 90' lang='lat' dir='ltr'>ab</span> <span class='ocrx_word' id='word_1_77' title='bbox 1653 1022 1813 1062; x_wconf 87' lang='lat' dir='ltr'>Ovidio</span> 
     </span>
     <span class='ocr_line' id='line_1_12' title="bbox 263 1091 1813 1145; baseline 0.001 -15"><span class='ocrx_word' id='word_1_78' title='bbox 263 1091 456 1131; x_wconf 86' lang='lat' dir='ltr'>libenter</span> <span class='ocrx_word' id='word_1_79' title='bbox 501 1094 719 1136; x_wconf 84' lang='lat' dir='ltr'>adhibita:</span> <span class='ocrx_word' id='word_1_80' title='bbox 771 1100 1082 1132; x_wconf 81' lang='lat' dir='ltr'>verumtamen</span> <span class='ocrx_word' id='word_1_81' title='bbox 1129 1093 1317 1132; x_wconf 90' lang='lat' dir='ltr'>concedi</span> <span class='ocrx_word' id='word_1_82' title='bbox 1362 1100 1514 1145; x_wconf 89' lang='lat' dir='ltr'>potest</span> <span class='ocrx_word' id='word_1_83' title='bbox 1552 1092 1813 1144; x_wconf 78' lang='lat' dir='ltr'>Vergilium,</span> 
     </span>
     <span class='ocr_line' id='line_1_13' title="bbox 265 1163 1813 1215; baseline 0.001 -15"><span class='ocrx_word' id='word_1_84' title='bbox 265 1163 339 1213; x_wconf 90' lang='lat' dir='ltr'>qui</span> <span class='ocrx_word' id='word_1_85' title='bbox 363 1176 387 1201; x_wconf 87' lang='lat' dir='ltr'>a</span> <span class='ocrx_word' id='word_1_86' title='bbox 409 1164 663 1202; x_wconf 88' lang='lat' dir='ltr'>rhetoribus</span> <span class='ocrx_word' id='word_1_87' title='bbox 698 1165 940 1203; x_wconf 89' lang='lat' dir='ltr'>instructus</span> <span class='ocrx_word' id='word_1_88' title='bbox 970 1177 1069 1202; x_wconf 89' lang='lat' dir='ltr'>esse</span> <span class='ocrx_word' id='word_1_89' title='bbox 1099 1164 1300 1210; x_wconf 80' lang='lat' dir='ltr'>traditur,</span> <span class='ocrx_word' id='word_1_90' title='bbox 1333 1178 1387 1202; x_wconf 87' lang='lat' dir='ltr'>ea</span> <span class='ocrx_word' id='word_1_91' title='bbox 1415 1164 1645 1215; x_wconf 88' lang='lat' dir='ltr'>disciplina</span> <span class='ocrx_word' id='word_1_92' title='bbox 1670 1165 1813 1215; x_wconf 86' lang='lat' dir='ltr'>magis</span> 
     </span>
     <span class='ocr_line' id='line_1_14' title="bbox 263 1233 1808 1285; baseline 0.001 -15"><span class='ocrx_word' id='word_1_93' title='bbox 263 1233 345 1271; x_wconf 88' lang='lat' dir='ltr'>sibi</span> <span class='ocrx_word' id='word_1_94' title='bbox 379 1235 605 1272; x_wconf 87' lang='lat' dir='ltr'>conscium</span> <span class='ocrx_word' id='word_1_95' title='bbox 640 1233 809 1274; x_wconf 84' lang='lat' dir='ltr'>factum</span> <span class='ocrx_word' id='word_1_96' title='bbox 845 1248 945 1273; x_wconf 88' lang='lat' dir='ltr'>esse</span> <span class='ocrx_word' id='word_1_97' title='bbox 980 1248 1161 1285; x_wconf 87' lang='lat' dir='ltr'>operam</span> <span class='ocrx_word' id='word_1_98' title='bbox 1199 1235 1391 1272; x_wconf 82' lang='lat' dir='ltr'>dandam</span> <span class='ocrx_word' id='word_1_99' title='bbox 1429 1247 1545 1280; x_wconf 86' lang='lat' dir='ltr'>esse,</span> <span class='ocrx_word' id='word_1_100' title='bbox 1588 1241 1634 1272; x_wconf 87' lang='lat' dir='ltr'>ut</span> <span class='ocrx_word' id='word_1_101' title='bbox 1665 1234 1808 1273; x_wconf 91' lang='lat' dir='ltr'>stilum</span> 
     </span>
     <span class='ocr_line' id='line_1_15' title="bbox 263 1305 1812 1356; baseline 0.001 -16"><span class='ocrx_word' id='word_1_102' title='bbox 263 1315 360 1341; x_wconf 89' lang='lat' dir='ltr'>cum</span> <span class='ocrx_word' id='word_1_103' title='bbox 402 1305 537 1342; x_wconf 90' lang='lat' dir='ltr'>rebus</span> <span class='ocrx_word' id='word_1_104' title='bbox 578 1310 623 1342; x_wconf 92' lang='lat' dir='ltr'>et</span> <span class='ocrx_word' id='word_1_105' title='bbox 661 1305 816 1344; x_wconf 86' lang='lat' dir='ltr'>habitu</span> <span class='ocrx_word' id='word_1_106' title='bbox 857 1306 984 1343; x_wconf 90' lang='lat' dir='ltr'>huius</span> <span class='ocrx_word' id='word_1_107' title='bbox 1023 1306 1171 1356; x_wconf 87' lang='lat' dir='ltr'>poesis</span> <span class='ocrx_word' id='word_1_108' title='bbox 1219 1310 1547 1355; x_wconf 84' lang='lat' dir='ltr'>congruentem</span> <span class='ocrx_word' id='word_1_109' title='bbox 1588 1305 1812 1349; x_wconf 81' lang='lat' dir='ltr'>redderet,</span> 
     </span>
     <span class='ocr_line' id='line_1_16' title="bbox 263 1373 1811 1426; baseline 0.001 -15"><span class='ocrx_word' id='word_1_110' title='bbox 263 1386 410 1424; x_wconf 86' lang='lat' dir='ltr'>neque</span> <span class='ocrx_word' id='word_1_111' title='bbox 445 1373 635 1413; x_wconf 80' lang='lat' dir='ltr'>fortasse</span> <span class='ocrx_word' id='word_1_112' title='bbox 671 1377 851 1413; x_wconf 88' lang='lat' dir='ltr'>omnino</span> <span class='ocrx_word' id='word_1_113' title='bbox 887 1375 1145 1426; x_wconf 72' lang='lat' dir='ltr'>neglexisse</span> <span class='ocrx_word' id='word_1_114' title='bbox 1179 1382 1428 1426; x_wconf 84' lang='lat' dir='ltr'>praecepta</span> <span class='ocrx_word' id='word_1_115' title='bbox 1461 1376 1566 1413; x_wconf 86' lang='lat' dir='ltr'>artis</span> <span class='ocrx_word' id='word_1_116' title='bbox 1592 1377 1811 1413; x_wconf 83' lang='lat' dir='ltr'>oratoriae</span> 
     </span>
     <span class='ocr_line' id='line_1_17' title="bbox 263 1443 1813 1496; baseline 0.001 -14"><span class='ocrx_word' id='word_1_117' title='bbox 263 1444 318 1482; x_wconf 93' lang='lat' dir='ltr'>de</span> <span class='ocrx_word' id='word_1_118' title='bbox 351 1446 474 1483; x_wconf 85' lang='lat' dir='ltr'>tenui</span> <span class='ocrx_word' id='word_1_119' title='bbox 508 1450 553 1483; x_wconf 86' lang='lat' dir='ltr'>et</span> <span class='ocrx_word' id='word_1_120' title='bbox 586 1446 710 1483; x_wconf 80' lang='lat' dir='ltr'>suavi</span> <span class='ocrx_word' id='word_1_121' title='bbox 742 1458 914 1496; x_wconf 88' lang='lat' dir='ltr'>genere</span> <span class='ocrx_word' id='word_1_122' title='bbox 949 1446 1137 1484; x_wconf 89' lang='lat' dir='ltr'>dicendi.</span> <span class='ocrx_word' id='word_1_123' title='bbox 1197 1443 1406 1484; x_wconf 88' lang='lat' dir='ltr'>Ceterum</span> <span class='ocrx_word' id='word_1_124' title='bbox 1442 1451 1591 1483; x_wconf 86' lang='lat' dir='ltr'>autem</span> <span class='ocrx_word' id='word_1_125' title='bbox 1628 1445 1813 1483; x_wconf 85' lang='lat' dir='ltr'>artificia</span> 
     </span>
     <span class='ocr_line' id='line_1_18' title="bbox 262 1515 1809 1566; baseline 0.001 -14"><span class='ocrx_word' id='word_1_126' title='bbox 262 1516 479 1553; x_wconf 89' lang='lat' dir='ltr'>sermonis</span> <span class='ocrx_word' id='word_1_127' title='bbox 523 1516 714 1554; x_wconf 91' lang='lat' dir='ltr'>bucolici</span> <span class='ocrx_word' id='word_1_128' title='bbox 755 1517 935 1554; x_wconf 88' lang='lat' dir='ltr'>minime</span> <span class='ocrx_word' id='word_1_129' title='bbox 976 1516 1032 1554; x_wconf 89' lang='lat' dir='ltr'>ad</span> <span class='ocrx_word' id='word_1_130' title='bbox 1079 1515 1262 1566; x_wconf 78' lang='lat' dir='ltr'>figuras,</span> <span class='ocrx_word' id='word_1_131' title='bbox 1309 1529 1424 1566; x_wconf 86' lang='lat' dir='ltr'>quae</span> <span class='ocrx_word' id='word_1_132' title='bbox 1469 1516 1723 1554; x_wconf 82' lang='lat' dir='ltr'>rhetoribus</span> <span class='ocrx_word' id='word_1_133' title='bbox 1768 1517 1809 1553; x_wconf 93' lang='lat' dir='ltr'>in</span> 
     </span>
     <span class='ocr_line' id='line_1_19' title="bbox 263 1584 1809 1636; baseline 0.001 -14"><span class='ocrx_word' id='word_1_134' title='bbox 263 1584 428 1623; x_wconf 81' lang='lat' dir='ltr'>deliciis</span> <span class='ocrx_word' id='word_1_135' title='bbox 469 1591 613 1632; x_wconf 83' lang='lat' dir='ltr'>erant,</span> <span class='ocrx_word' id='word_1_136' title='bbox 660 1587 788 1625; x_wconf 85' lang='lat' dir='ltr'>nobis</span> <span class='ocrx_word' id='word_1_137' title='bbox 827 1586 1065 1624; x_wconf 86' lang='lat' dir='ltr'>referenda</span> <span class='ocrx_word' id='word_1_138' title='bbox 1106 1599 1205 1624; x_wconf 87' lang='lat' dir='ltr'>esse</span> <span class='ocrx_word' id='word_1_139' title='bbox 1246 1599 1299 1624; x_wconf 91' lang='lat' dir='ltr'>eo</span> <span class='ocrx_word' id='word_1_140' title='bbox 1340 1585 1645 1631; x_wconf 86' lang='lat' dir='ltr'>confirmatur,</span> <span class='ocrx_word' id='word_1_141' title='bbox 1691 1586 1809 1636; x_wconf 84' lang='lat' dir='ltr'>quod</span> 
     </span>
     <span class='ocr_line' id='line_1_20' title="bbox 260 1654 1809 1707; baseline 0.001 -15"><span class='ocrx_word' id='word_1_142' title='bbox 260 1654 415 1693; x_wconf 86' lang='lat' dir='ltr'>similia</span> <span class='ocrx_word' id='word_1_143' title='bbox 459 1656 500 1693; x_wconf 91' lang='lat' dir='ltr'>in</span> <span class='ocrx_word' id='word_1_144' title='bbox 548 1657 819 1694; x_wconf 86' lang='lat' dir='ltr'>carminibus</span> <span class='ocrx_word' id='word_1_145' title='bbox 864 1656 1152 1707; x_wconf 85' lang='lat' dir='ltr'>popularibus</span> <span class='ocrx_word' id='word_1_146' title='bbox 1198 1662 1243 1693; x_wconf 87' lang='lat' dir='ltr'>et</span> <span class='ocrx_word' id='word_1_147' title='bbox 1289 1669 1404 1707; x_wconf 88' lang='lat' dir='ltr'>quae</span> <span class='ocrx_word' id='word_1_148' title='bbox 1450 1656 1516 1693; x_wconf 89' lang='lat' dir='ltr'>his</span> <span class='ocrx_word' id='word_1_149' title='bbox 1559 1657 1809 1707; x_wconf 80' lang='lat' dir='ltr'>propinqua</span> 
     </span>
     <span class='ocr_line' id='line_1_21' title="bbox 260 1726 1809 1776; baseline 0.001 -14"><span class='ocrx_word' id='word_1_150' title='bbox 260 1730 374 1771; x_wconf 85' lang='lat' dir='ltr'>sunt,</span> <span class='ocrx_word' id='word_1_151' title='bbox 408 1738 433 1762; x_wconf 90' lang='lat' dir='ltr'>a</span> <span class='ocrx_word' id='word_1_152' title='bbox 467 1727 627 1776; x_wconf 87' lang='lat' dir='ltr'>quibus</span> <span class='ocrx_word' id='word_1_153' title='bbox 660 1739 915 1765; x_wconf 86' lang='lat' dir='ltr'>sermonem</span> <span class='ocrx_word' id='word_1_154' title='bbox 951 1726 1115 1765; x_wconf 89' lang='lat' dir='ltr'>elatum</span> <span class='ocrx_word' id='word_1_155' title='bbox 1150 1727 1220 1764; x_wconf 86' lang='lat' dir='ltr'>vel</span> <span class='ocrx_word' id='word_1_156' title='bbox 1252 1727 1432 1764; x_wconf 88' lang='lat' dir='ltr'>doctum</span> <span class='ocrx_word' id='word_1_157' title='bbox 1459 1726 1648 1764; x_wconf 88' lang='lat' dir='ltr'>alienum</span> <span class='ocrx_word' id='word_1_158' title='bbox 1674 1726 1809 1763; x_wconf 76' lang='lat' dir='ltr'>fuisse</span> 
     </span>
     <span class='ocr_line' id='line_1_22' title="bbox 261 1796 1809 1848; baseline 0 -16"><span class='ocrx_word' id='word_1_159' title='bbox 261 1800 463 1846; x_wconf 85' lang='lat' dir='ltr'>apparet,</span> <span class='ocrx_word' id='word_1_160' title='bbox 496 1808 585 1833; x_wconf 92' lang='lat' dir='ltr'>non</span> <span class='ocrx_word' id='word_1_161' title='bbox 620 1808 720 1834; x_wconf 89' lang='lat' dir='ltr'>raro</span> <span class='ocrx_word' id='word_1_162' title='bbox 754 1797 1053 1835; x_wconf 85' lang='lat' dir='ltr'>inveniuntur.</span> <span class='ocrx_word' id='word_1_163' title='bbox 1110 1796 1334 1848; x_wconf 72' lang='grc' dir='ltr'><em>Ἁφέλειαν,</em></span> <span class='ocrx_word' id='word_1_164' title='bbox 1370 1810 1485 1847; x_wconf 83' lang='lat' dir='ltr'>quae</span> <span class='ocrx_word' id='word_1_165' title='bbox 1520 1796 1682 1833; x_wconf 85' lang='lat' dir='ltr'>talibus</span> <span class='ocrx_word' id='word_1_166' title='bbox 1716 1808 1809 1832; x_wconf 86' lang='lat' dir='ltr'>car-</span> 
     </span>
     <span class='ocr_line' id='line_1_23' title="bbox 261 1865 1807 1917; baseline -0.001 -14"><span class='ocrx_word' id='word_1_167' title='bbox 261 1866 454 1904; x_wconf 87' lang='lat' dir='ltr'>minibus</span> <span class='ocrx_word' id='word_1_168' title='bbox 488 1871 596 1913; x_wconf 86' lang='lat' dir='ltr'>erat,</span> <span class='ocrx_word' id='word_1_169' title='bbox 629 1871 790 1916; x_wconf 87' lang='lat' dir='ltr'>poetas</span> <span class='ocrx_word' id='word_1_170' title='bbox 826 1866 1053 1904; x_wconf 89' lang='lat' dir='ltr'>bucolicos</span> <span class='ocrx_word' id='word_1_171' title='bbox 1088 1867 1263 1917; x_wconf 89' lang='lat' dir='ltr'>assequi</span> <span class='ocrx_word' id='word_1_172' title='bbox 1301 1865 1493 1904; x_wconf 85' lang='lat' dir='ltr'>voluisse</span> <span class='ocrx_word' id='word_1_173' title='bbox 1528 1878 1615 1903; x_wconf 90' lang='lat' dir='ltr'>non</span> <span class='ocrx_word' id='word_1_174' title='bbox 1653 1866 1807 1902; x_wconf 87' lang='lat' dir='ltr'>mirum</span> 
     </span>
     <span class='ocr_line' id='line_1_24' title="bbox 260 1936 1575 1986; baseline 0 -13"><span class='ocrx_word' id='word_1_175' title='bbox 260 1940 329 1973; x_wconf 85' lang='lat' dir='ltr'>est</span> <span class='ocrx_word' id='word_1_176' title='bbox 361 1948 509 1986; x_wconf 80' lang='lat' dir='ltr'>neque</span> <span class='ocrx_word' id='word_1_177' title='bbox 543 1936 630 1973; x_wconf 90' lang='lat' dir='ltr'>hoc</span> <span class='ocrx_word' id='word_1_178' title='bbox 662 1936 712 1973; x_wconf 89' lang='lat' dir='ltr'>iis</span> <span class='ocrx_word' id='word_1_179' title='bbox 746 1948 884 1986; x_wconf 85' lang='lat' dir='ltr'>saepe</span> <span class='ocrx_word' id='word_1_180' title='bbox 920 1937 1035 1973; x_wconf 91' lang='lat' dir='ltr'>bene</span> <span class='ocrx_word' id='word_1_181' title='bbox 1071 1937 1260 1974; x_wconf 87' lang='lat' dir='ltr'>cessisse</span> <span class='ocrx_word' id='word_1_182' title='bbox 1295 1936 1575 1986; x_wconf 88' lang='lat' dir='ltr'>negabimus.</span> 
     </span>
    </p>
   </div>
  </div>
 </body>
</html>
