2253 3443
298 365 488 402 cinnitas
522 365 665 403 minus
698 365 884 415 insignis
917 371 961 402 et
994 366 1134 415 petita
1169 378 1268 403 esse
1307 366 1503 412 videtur,
1542 380 1674 418 quam
1709 368 1745 405 si
1777 366 1848 405 illa

298 434 384 471 duo
421 434 622 472 membra
654 434 747 472 sola
780 435 862 473 sibi
897 436 1100 486 opposita
1136 441 1250 474 sunt.
1301 435 1478 473 Deinde
1509 437 1550 474 in
1582 437 1728 475 multis
1750 449 1846 475 ver-

297 504 418 542 sibus
434 503 503 541 hic
519 503 750 542 laudandis
769 517 900 542 unum
918 504 987 542 vel
1004 505 1231 556 complura
1248 506 1399 549 verba.
1419 518 1534 556 quae
1550 508 1847 557 grammatica

297 575 469 612 ratione
513 574 569 612 ad
608 575 809 612 membra
850 574 1061 625 parallela
1099 577 1268 625 pariter
1302 576 1548 626 pertinent,
1590 576 1716 615 alteri
1754 578 1846 615 sive

298 644 474 694 utrique
500 645 702 682 membro
726 646 893 682 inserta
917 652 1020 682 sunt
1038 645 1123 694 (2.);
1149 657 1235 696 qua
1258 658 1306 683 re
1329 647 1676 685 concinnitatem
1705 647 1846 685 minus

296 712 472 764 planam
516 712 628 759 fieri,
669 726 799 765 quam
841 716 877 753 si
917 715 1193 753 hemistichia
1236 715 1314 753 illis
1352 716 1502 754 verbis
1536 717 1847 755 communibus

296 796 439 822 vacua
462 790 565 821 sunt
587 787 666 834 (1.),
690 791 890 835 apparet.
933 784 1043 823 Tum
1072 799 1125 824 ea
1149 786 1369 837 exempla,
1393 787 1433 824 in
1460 787 1620 838 quibus
1644 789 1845 826 membra

297 853 409 890 adeo
444 860 637 904 aequata
671 861 784 901 sunt,
820 862 866 893 ut
894 855 991 906 plus
1018 856 1120 894 bina
1152 857 1291 895 verba
1319 862 1528 895 accurate
1555 858 1637 895 sibi
1664 870 1846 908 respon-

298 923 435 961 deant
458 924 524 973 (a),
557 937 581 961 a
615 926 778 963 ceteris
802 926 860 974 (b)
894 925 1086 964 distinxi.
1138 926 1298 978 Neque
1323 934 1552 978 postremo
1578 926 1733 966 nullius
1756 940 1846 966 mo-

298 994 435 1031 menti
482 1000 567 1039 est,
619 995 997 1045 quemadmodum
1052 997 1253 1034 membra
1302 997 1539 1035 coniuncta
1585 999 1690 1043 sint:
1743 1010 1842 1036 nam

298 1065 492 1102 maxime
527 1065 706 1103 auribus
740 1077 791 1103 ac
826 1072 978 1103 mente
1012 1067 1256 1117 percipitur
1288 1066 1358 1104 illa
1387 1069 1657 1119 symmetria,
1691 1069 1726 1106 si
1749 1067 1847 1106 cola

297 1135 527 1185 anaphora
551 1135 604 1183 (α)
632 1135 701 1173 vel
726 1137 1115 1174 coniunctionibus
1139 1137 1430 1176 correlativis:
1463 1144 1624 1186 „et-et,
1651 1144 1846 1184 aut-aut,

295 1208 405 1242 etc.'·⁴
431 1205 485 1256 (β)
504 1217 711 1243 connexa
729 1206 876 1254 sunt‚¹)
902 1207 1056 1253 minus,
1079 1208 1112 1244 si
1131 1208 1226 1245 sine
1246 1208 1513 1258 repetitione
1532 1208 1766 1252 ἀσιννόέτως
1784 1209 1846 1259 (γ),

297 1275 488 1323 minime,
521 1275 555 1312 si
585 1275 770 1326 simplici
803 1277 1117 1314 coniunctione
1142 1277 1406 1328 copulativa,
1441 1291 1530 1329 qua
1552 1278 1846 1329 aequabilitas

296 1351 523 1395 tamquam
562 1346 827 1384 obscuratur
850 1346 913 1396 (ὃ).

412 1414 502 1453 Iam
553 1417 828 1454 enumerabo
878 1417 1103 1467 exempla,
1150 1431 1265 1469 quae
1314 1419 1355 1456 in
1403 1417 1623 1457 Bucolicis
1659 1417 1846 1470 Vergilii

295 1485 595 1535 reperiuntur,¹
624 1485 706 1524 hoc
742 1486 896 1524 ordine
932 1487 1184 1526 distributa:

1007 1592 1036 1637 Ι,
1067 1606 1149 1632 1a.:

365 1693 405 1731 α)
440 1687 564 1732 5,38;
597 1666 678 1735 pro
713 1678 829 1723 molli
863 1667 989 1731 moda,
1025 1689 1029 1737 Ι
1064 1669 1145 1737 pio
1178 1679 1402 1738 purp'ureo
1437 1668 1633 1726 narcisso

597 1761 788 1800 carduus
823 1768 868 1799 ct
901 1763 1037 1813 spinis
1072 1764 1216 1814 surgit
1248 1763 1443 1814 paliurus
1476 1765 1628 1802 acutis

437 1856 561 1899 8‚80:
598 1836 724 1893 liuius
759 1862 804 1893 ut
839 1836 908 1894 hic
943 1837 1138 1894 durescit
1173 1857 1176 1905 Ι
1212 1862 1258 1894 et
1292 1838 1403 1895 hanec
1439 1839 1483 1895 11²t
1511 1839 1614 1896 cera
1642 1838 1845 1908 liquescit

598 1944 683 1969 uno
718 1932 970 1982 eodemque
1004 1933 1108 1983 igni,
1141 1934 1204 1971 sic
1239 1938 1391 1971 nostro
1419 1932 1623 1984 Daphnis
1651 1946 1815 1971 amore.

438 2036 473 2072 3.
491 2026 561 2072 56:
597 2030 641 2062 et
670 2037 786 2063 nunc
814 2027 957 2063 omnis
984 2038 1106 2076 ager,
1135 2039 1251 2064 nunc
1280 2027 1422 2064 omnis
1449 2027 1639 2076 parturit
1666 2027 1809 2071 arbos,

597 2100 714 2157 nuiic
734 2100 945 2157 fr0n²dent
963 2100 1113 2166 silium,
1131 2116 1133 2173 Ι
1152 2101 1269 2158 nu¹nc
1290 2101 1635 2158 formosissimus
1657 2101 1844 2168 anriusfl)

352 2212 392 2262 β)
416 2223 565 2260 3.1oc):
599 2218 644 2249 et
672 2211 807 2250 vitula
834 2218 879 2251 tu
909 2213 1071 2263 dignus
1099 2221 1144 2251 et
1172 2213 1241 2252 hic
1269 2220 1314 2251 et
1343 2214 1541 2265 quisquis
1568 2226 1744 2252 amores

1615 2288 1625 2303 ³

596 2287 672 2343 aut
706 2297 877 2344 metuet
911 2287 1064 2344 dulbes
1098 2306 1102 2358 l
1138 2289 1214 2344 abt
1247 2299 1507 2358 experietur
1539 2319 1726 2346 amaros.

597 2400 730 2437 ambo
764 2398 977 2438 florentes
1012 2401 1247 2446 aetatibus
1282 2400 1485 2439 Arcades
1520 2401 1664 2446 ambo,

439 2411 456 2448 x}

489 2412 532 2446 ft

595 2474 639 2530 e¹t
673 2485 857 2531 cantare
891 2475 1024 2544 paics
1058 2491 1062 2547 1
1099 2475 1145 2531 e¹t
1177 2485 1453 2544 respondere
1488 2474 1643 2545 pafati.

367 2594 403 2634 γ)
440 2588 562 2631 2,18:
596 2568 695 2624 alba
731 2578 914 2637 ligustra
950 2568 1128 2633 cadimt‚
1157 2585 1161 2638 1
1192 2579 1392 2625 vaccinia
1426 2568 1554 2637 nig¹·ra
1584 2568 1804 2637 leguiitur.

435 2692 559 2728 449:
595 2662 698 2718 cara
723 2671 851 2718 deum
879 2661 1059 2719 sub³01es
1088 2681 1092 2733 Ι
1123 2662 1334 2731 ῐηειρῖιιυῐη
1362 2671 1477 2719 Ιόνίε
1506 2661 1842 2720 incrementum.

414 2783 437 2822 ¹)
467 2783 565 2815 Idem
594 2784 780 2815 admonuit
808 2784 924 2826 May,
951 2784 970 2815 l.
991 2784 1010 2815 l.
1034 2795 1139 2826 pagg.
1161 2786 1215 2822 80,
1235 2786 1289 2816 81.

410 2840 438 2875 ²)
468 2841 569 2873 llunc
598 2852 742 2873 versum
771 2852 858 2873 sane
887 2846 1100 2875 cunctanter
1126 2843 1183 2874 hic
1211 2842 1366 2881 laudavi,
1395 2843 1477 2885 quia
1504 2843 1671 2875 notiones
1698 2854 1767 2875 non
1795 2843 1842 2875 ita

293 2898 357 2929 sibi
386 2900 620 2941 respondem,
650 2905 686 2932 ut
713 2901 745 2932 in
774 2901 850 2932 aliis
875 2901 1065 2943 exemplis.
