2222 3417
918 291 1209 329 ,75-

501 402 594 435 tum
630 398 748 436 casia
783 402 919 449 atque
953 396 1045 435 aliis
1079 397 1287 435 intexens
1320 397 1530 435 suavibus
1564 397 1714 435 herbis

502 467 650 506 mollia
682 467 848 506 luteola
879 468 1027 518 pingit
1059 467 1261 505 vaccinia
1294 467 1454 506 caltha.

292 562 366 599 ubi
413 562 546 599 etiam
595 561 758 612 singuli
801 573 957 599 versus
1003 562 1130 599 unius
1175 561 1366 599 membri
1417 560 1601 611 singulis
1660 559 1839 598 alterius

292 631 408 669 bene
442 631 738 682 respondent;

294 714 416 761 5‚36:
502 713 692 764 grandia
724 726 860 764 saepe
895 714 1055 764 quibus
1089 713 1400 751 mandavimus
1433 713 1602 751 hordea
1638 712 1780 759 sulcis,

504 782 658 821 infelix
690 782 835 821 lolium
872 788 917 821 et
948 783 1122 821 steriles
1157 788 1402 821 nascuntur
1435 795 1619 828 avenae,

505 866 585 904 pro
620 853 737 891 molli
769 852 896 899 viola,
929 866 1010 904 pro
1043 865 1269 904 purpureo
1304 853 1502 891 narcisso

504 923 694 962 carduus
727 929 773 961 et
805 924 941 975 spinis
975 924 1119 974 surgit
1151 923 1347 974 paliurus
1381 924 1533 962 acutis.

294 1028 381 1067 quo
435 1015 532 1055 loco
585 1030 695 1055 sane
751 1018 881 1068 primi
935 1022 981 1054 et
1034 1018 1153 1054 tertii
1206 1029 1362 1054 versus
1414 1017 1619 1054 universa
1665 1022 1836 1054 tantum

293 1087 517 1124 sententia
552 1087 751 1137 aequalis
785 1093 865 1125 est.

412 1161 587 1200 Deinde
634 1163 843 1213 quaesivi,
885 1176 1000 1214 quae
1041 1162 1252 1213 exempla
1297 1162 1424 1200 huius
1463 1164 1753 1213 symmetriae
1799 1163 1840 1200 in

294 1231 373 1270 illis
421 1238 633 1283 quattuor
679 1231 1004 1284 Georgicorum
1053 1239 1099 1270 et
1140 1233 1359 1271 Aeneidis
1406 1232 1525 1270 libris
1570 1232 1843 1283 legerentur.

295 1300 391 1340 Hos
423 1315 578 1340 versus
612 1304 779 1342 inveni:

296 1382 347 1422 G.
363 1383 392 1429 L
415 1386 511 1433 189:
576 1386 610 1422 si
643 1392 859 1435 superant
891 1384 1021 1430 fetus,
1054 1386 1222 1435 pariter
1254 1384 1480 1438 frumenta
1512 1390 1759 1435 sequentur

576 1467 834 1505 magnaque
869 1467 967 1493 cum
1003 1467 1170 1505 magno
1204 1456 1357 1493 veniet
1389 1455 1548 1492 tritura
1580 1453 1748 1499 calore;

577 1532 621 1562 at
655 1526 689 1563 si
722 1524 893 1563 luxuria
926 1524 1128 1563 foliorum
1165 1526 1388 1563 exuberat
1422 1526 1590 1569 umbra,

577 1596 847 1646 nequiquam
884 1596 1077 1646 pingues
1110 1595 1240 1646 palea
1273 1600 1393 1632 teret
1425 1607 1530 1635 area
1564 1594 1744 1632 culmos,

296 1688 338 1725 in
372 1700 459 1738 quo
494 1688 702 1739 exemplo
736 1690 1042 1739 symmetriam
1087 1689 1280 1727 maxime
1315 1689 1598 1739 oppositione
1633 1687 1841 1726 effectam

298 1769 395 1795 esse
430 1758 471 1795 in
505 1764 714 1808 promptu
756 1765 843 1802 est;
889 1764 1128 1809 praeterea
1173 1759 1404 1797 enuntiata
1449 1759 1658 1809 primaria
1702 1758 1841 1795 solum

299 1828 503 1865 universe
549 1828 631 1865 sibi
681 1828 957 1879 respondere
1011 1828 1458 1867 animadvertendum
1507 1833 1587 1866 est.
1667 1827 1844 1865 Deinde

297 1897 366 1936 hic
399 1897 522 1935 locus
555 1897 702 1936 afferri
735 1903 903 1948 potest:

298 1979 394 2025 A.1‚
413 1991 513 2029 703:
584 1981 911 2031 quinquaginta
936 1981 1051 2018 intus
1074 1980 1280 2026 famulae,
1304 1980 1464 2031 quibus
1491 1980 1644 2017 ordine
1662 1979 1841 2030 longam

581 2062 686 2088 cura
719 2063 883 2101 penum
919 2057 1092 2089 struere
1127 2056 1172 2088 et
1204 2049 1394 2088 flammis
1428 2049 1608 2088 adolere
1632 2056 1843 2100 penates;

579 2125 758 2158 centum
795 2120 906 2158 aliae
940 2121 1221 2171 totidemque
1255 2133 1388 2171 pares
1422 2126 1573 2158 aetate
1607 2121 1804 2165 ministri,

582 2191 656 2241 qui
690 2190 878 2241 dapibus
912 2203 1091 2228 mensas
1126 2196 1317 2228 onerent
1350 2196 1396 2227 et
1428 2189 1589 2241 pocula
1621 2196 1804 2240 ponant.

301 2283 373 2320 ubi
418 2295 472 2320 ea
516 2282 811 2334 aequabilitas
857 2284 999 2321 minus
1045 2283 1226 2322 consilio
1268 2297 1398 2334 quam
1441 2296 1545 2322 casu
1586 2283 1706 2321 facta
1746 2296 1844 2321 esse

301 2352 404 2390 mihi
426 2352 612 2399 videtur,
635 2354 898 2403 praesertim
924 2366 1021 2392 cum
1049 2354 1223 2392 duobus
1245 2355 1448 2391 versibus
1472 2353 1846 2391 antecedentibus

300 2421 449 2460 similis
487 2424 711 2461 sententia
751 2424 1018 2462 enuntietur.
1079 2422 1267 2462 Praeter
1305 2424 1386 2462 hos
1425 2424 1536 2462 duos
1575 2423 1696 2461 locos
1730 2422 1847 2460 nulla

302 2492 510 2542 exempla
529 2493 572 2530 in
594 2493 660 2530 his
682 2492 801 2530 libris
822 2494 982 2532 inveni.
1024 2492 1323 2544 Cognoscitur
1338 2506 1418 2543 pro
1432 2506 1620 2531 numero
1637 2505 1844 2531 versuum

302 2561 416 2600 hanc
455 2564 758 2612 symmetriam
802 2563 1089 2602 distichorum
1132 2564 1265 2601 etiam
1308 2564 1448 2601 rarius
1481 2564 1522 2600 in
1558 2562 1677 2601 libris
1711 2562 1847 2613 epicis

303 2644 538 2670 occurrere
572 2645 704 2683 quam
739 2634 782 2671 in
816 2632 1046 2672 Bucolicis.

419 2705 600 2758 Operae
641 2710 724 2746 erit
767 2710 957 2760 pretium
1001 2722 1233 2760 quaerere,
1272 2722 1375 2746 num
1418 2709 1551 2746 etiam
1593 2708 1634 2745 in
1676 2707 1759 2745 hac
1797 2719 1844 2744 re

303 2776 580 2824 Theocritus,
631 2786 787 2817 auctor
837 2778 1160 2825 Bucolicorum,
1199 2777 1400 2829 Vergilio
1447 2777 1656 2828 exemplo
1703 2776 1847 2815 fuerit.

302 2847 351 2885 In
390 2847 469 2886 illis
507 2848 663 2886 decem
706 2849 975 2887 carminibus
1013 2848 1226 2887 bucolicis
1265 2849 1307 2886 hi
1347 2861 1501 2886 versus
1540 2848 1633 2885 eius
1665 2847 1847 2897 generis

306 2923 561 2957 occurrunt:
