2222 3417
879 284 1167 320 -59-

247 389 357 427 duos
402 402 556 427 versus
601 390 789 440 priores,
828 390 941 427 sicut
980 388 1034 426 id.
1069 400 1199 436 2,44;
1243 401 1402 436 2,150;
1458 391 1608 436 14‚48;
1661 390 1721 435 16,
1745 400 1791 439 71

247 465 496 498 memoratu
545 460 686 498 minus
727 459 887 510 dignos
927 471 1026 497 esse
1067 464 1277 509 apparet:
1324 459 1364 496 in
1407 472 1443 497 v.
1474 471 1538 505 22,
1568 471 1619 507 23
1660 464 1799 509 poeta

247 529 428 568 consilio
476 531 718 581 appetiisse
764 530 1069 580 symmetriam
1119 530 1267 580 potius
1313 529 1506 574 videtur,
1558 530 1632 580 qui
1677 528 1799 566 locus

248 600 441 638 maxime
470 613 569 639 cum
599 600 678 638 illis
707 600 901 638 exordiis
931 602 1175 638 carminum
1213 602 1273 637 16.
1301 605 1347 637 et
1380 610 1440 648 17.
1468 599 1799 650 comparandus

248 676 327 708 est.
379 670 447 709 Ex
480 671 546 709 his
579 671 714 709 rebus
749 670 1009 721 intelligitur
1039 670 1295 720 Theocrito,
1328 671 1443 708 sicut
1465 668 1680 720 Vergilio,
1713 669 1799 707 hoc

247 741 439 779 studium
481 742 794 780 concinnitatis
832 742 973 779 visum
1023 754 1120 778 esse
1160 741 1375 791 imprimis
1414 739 1512 778 stilo
1553 740 1797 778 carminum

248 810 550 850 bucolicorum
587 818 753 863 aptum,
787 812 930 849 minus
964 810 1147 849 aliorum
1183 815 1457 861 poematum.

365 878 491 920 Sicut
524 883 564 920 in
599 880 622 933 ξ
656 895 692 925 Ι,
727 881 935 932 exempla
974 881 1102 919 huius
1141 881 1449 932 symmetriae,
1488 893 1604 931 quae
1643 880 1684 917 in
1721 878 1800 917 illis

248 952 389 989 tribus
411 952 682 990 carminibus
703 951 917 990 bucolicis
938 952 1235 1002 posteriorum
1265 957 1539 1001 temporum:
1570 950 1625 988 id.
1649 962 1713 996 20,
1737 961 1802 999 27,

249 1022 477 1073 epitaphio
494 1022 645 1061 Bionis
662 1022 883 1073 leguntur,
911 1021 1115 1061 afferam:
1144 1022 1184 1058 in
1208 1021 1263 1059 id.
1281 1033 1346 1059 20.
1366 1021 1452 1058 hoc
1476 1033 1608 1058 unum
1632 1021 1799 1058 inveni:

485 1109 494 1123 1
637 1109 648 1124 ’.ἶ
927 1107 937 1122 3
1235 1107 1243 1121 l
1351 1107 1362 1121 ’.ζ’
1505 1105 1515 1121 3

309 1129 351 1166 8:
460 1128 520 1171 ὡς
550 1127 743 1179 μαλακὸν
774 1126 818 1165 τὸ
852 1128 1005 1178 γένειον
1033 1124 1037 1180 Ι
1066 1127 1184 1177 ἔχεις,
1219 1126 1278 1169 ὡς
1310 1125 1412 1164 ἁὸἑα
1445 1126 1597 1177 χαίταν.

250 1222 291 1259 in
327 1223 523 1260 carmine
562 1233 627 1271 27.
663 1221 824 1259 nullum
872 1221 1051 1272 quidem
1094 1220 1350 1271 exemplum
1393 1220 1603 1264 occurrit;
1645 1224 1803 1257 contra

252 1291 356 1329 talia
389 1305 414 1330 a
445 1298 582 1343 poeta
617 1292 830 1343 epitaphii
863 1291 1015 1330 Bionis
1049 1290 1317 1341 compluries
1352 1290 1552 1328 adhibita
1584 1294 1703 1327 sunt:

258 1399 271 1424 1
287 1398 355 1434 15:
1244 1384 1280 1422 εἰ
1310 1383 1500 1434 ὃυνάμαν
1529 1382 1584 1427 δέ,

487 1459 496 1474 1
639 1460 650 1475 ·.·

1390 1458 1398 1472 1
1682 1457 1692 1472 ’Ξ

463 1479 523 1522 ὡς
539 1477 722 1530 Ὀρφεὺς
747 1477 933 1530 καταβὰς
962 1478 965 1529 Ι
993 1477 1084 1517 ποτὶ
1110 1477 1334 1528 Τάρταρον,
1362 1477 1422 1520 ὥς
1446 1476 1542 1515 ποκ’
1566 1475 1805 1519 3Οόυσσεύς,

464 1555 524 1598 ὡς
555 1556 690 1605 πάρος
716 1554 940 1600 Ἀλκεΐὸας,

500 1629 509 1643 1
617 1630 627 1644 -z
1049 1630 1059 1644 2
1202 1629 1212 1643 -3
1374 1627 1383 1641 1
1561 1627 1571 1642 ‘2

313 1662 354 1697 5:
463 1652 537 1687 νῦν
569 1648 674 1699 ῥόὸα
707 1648 969 1700 φοινίσσεσθε
998 1648 1001 1699 Ι
1030 1647 1076 1686 τὰ
1108 1647 1303 1698 πένθιμα,
1337 1650 1410 1685 νῦν
1443 1646 1663 1697 ἀνεμῶναι.

536 1723 545 1737 l
679 1723 689 1738 '2
1044 1722 1054 1736 3
1216 1721 1226 1736 3
1359 1722 1370 1736 ’Σ
1471 1720 1482 1734 3
1626 1720 1635 1734 l

286 1755 355 1791 33:
463 1742 611 1793 μάλων
644 1742 721 1781 οὐκ
754 1743 922 1792 ἔρρωσε
950 1740 954 1795 Ι
983 1741 1113 1780 καλὸν
1146 1740 1306 1791 γλάγος,
1340 1741 1389 1779 οὗ
1420 1739 1510 1791 μέλι
1539 1739 1734 1790 σίμβλων.

707 1816 715 1830 1
859 1817 870 1831 2
1194 1816 1205 1830 2
1349 1815 1357 1828 1
1473 1814 1483 1829 2

261 1848 357 1874 102:
466 1835 601 1886 ἄ,ι,ι,ιιες
634 1835 669 1874 6'
699 1836 738 1874 οἵ
767 1835 937 1886 μεγάλοι
966 1839 970 1886 Ι
999 1834 1067 1873 καὶ
1099 1834 1302 1885 καρτεροί,
1337 1834 1376 1872 οἱ
1407 1833 1531 1884 σοφοὶ
1563 1832 1709 1883 ἄνὸρες

286 1925 356 1972 65:
465 1923 596 1962 πάντα
629 1938 686 1962 τοι
721 1921 757 1961 ὦ
789 1923 918 1974 βούτα
953 1922 1214 1973 σι’γκάτθανε
1249 1921 1366 1971 δῶρα
1398 1920 1445 1959 τὰ
1478 1919 1659 1965 4ἸΙοισο”ιν,

599 1997 608 2012 1
840 1998 850 2012 ι’
1081 1997 1091 2011 '2
1306 1996 1315 2010 ·'
1495 1995 1503 2009 ¹

465 2017 724 2068 παρθενικᾶν
756 2016 921 2067 ἐρόεντα
951 2013 954 2069 Ι
983 2015 1205 2067 φιλήματα,
1239 2014 1371 2066 χείλεα
1402 2013 1576 2053 παίδων.

257 2129 336 2167 pro
370 2121 469 2154 rata
500 2121 630 2167 parte
664 2117 800 2166 igitur
832 2115 944 2154 tales
978 2128 1133 2154 versus
1167 2116 1208 2153 in
1244 2115 1328 2152 hoc
1363 2114 1559 2152 carmine
1590 2113 1696 2151 satis
1723 2111 1809 2149 fre-

258 2192 450 2238 quentes
480 2192 594 2224 sunt.

374 2256 422 2294 In
456 2256 536 2294 illis
568 2257 710 2293 tribus
743 2256 1013 2294 carminibus
1043 2256 1180 2306 epicis
1210 2255 1505 2306 posteriorum
1542 2259 1809 2303 temporum,

259 2339 374 2377 quae
413 2327 498 2364 iarn
539 2327 581 2364 in
616 2324 640 2379 ξ
672 2340 686 2364 1
725 2326 792 2364 his
826 2327 1132 2377 opposuimus,
1171 2324 1276 2363 talia
1313 2337 1413 2362 raro
1455 2323 1654 2361 adhibita
1686 2327 1808 2366 sunt3

259 2398 299 2435 in
334 2397 389 2436 id.
415 2408 480 2445 25.
512 2396 625 2435 haec
658 2397 825 2435 inveni:

507 2482 517 2496 1
1236 2480 1245 2494 1

265 2515 311 2540 12
321 2514 362 2550 3:
471 2501 546 2540 αἰεὶ
580 2501 623 2540 δὲ
654 2493 822 2544 πλέονες
850 2500 854 2552 Ι
883 2500 1028 2551 κερααὶ
1060 2500 1166 2551 βόες,
1201 2499 1285 2539 αἰὲν
1317 2491 1511 2550 (Ξμείῆιους

472 2577 516 2622 ἐξ
547 2578 655 2620 ἔτεος
688 2577 845 2628 γίνοντο
876 2576 971 2627 μάλ’
1000 2577 1055 2620 εἷς
1088 2577 1186 2619 ἔτος.

263 2666 362 2704 274:
1161 2652 1237 2690 οὐκ
1272 2652 1365 2690 ἔσκε
1398 2649 1558 2700 σιδήρῳ

521 2727 530 2741 1
672 2728 683 2743 ‘2
1286 2725 1292 2738 l
1508 2724 1519 2738 ’.ἶ

474 2746 572 2785 οὐδὲ
603 2746 735 2790 λίθοις
766 2745 894 2798 τμητὴ
925 2743 928 2799 Ι
957 2745 1206 2796 πειρωμένῳ
1238 2743 1335 2783 οὐδὲ
1366 2742 1442 2795 μὲν
1475 2741 1562 2793 ὕλῃ.

265 2852 469 2897 apertum
512 2851 581 2884 est
618 2847 660 2883 in
700 2845 786 2883 hoc
826 2844 1035 2895 exemplo
1071 2843 1421 2881 concinnitatem
1462 2841 1605 2878 minus
1647 2850 1813 2876 memo-

264 2916 449 2956 rabilem
491 2928 608 2962 esse‚
647 2928 744 2954 cum
786 2915 828 2952 in
868 2915 1015 2965 priore
1057 2926 1144 2951 non
1185 2911 1323 2950 solum
1364 2910 1526 2955 forma,
1565 2908 1642 2946 sed
1678 2908 1811 2945 etiam
