2222 3417
863 264 1153 301 -39-

238 368 348 407 Tum
378 369 420 407 in
449 368 747 420 epithalamio,
781 368 902 420 quod
927 369 969 407 in
1000 370 1061 407 18.
1084 367 1232 419 idyllio
1257 367 1484 406 Theocriti
1512 369 1639 417 inest,
1674 368 1784 406 duos

237 451 390 477 versus
423 440 684 490 symmetria
709 439 987 477 dimidiorum
1013 445 1258 477 exornatos
1280 439 1530 477 invenimus
1554 440 1674 489 (pag.
1693 438 1784 487 30.),

237 508 292 546 de
317 509 476 560 quibus
501 510 695 547 maxime
716 522 870 548 versus
889 522 956 558 49.
975 509 1183 555 ostendit,
1214 521 1345 560 quam
1373 514 1469 546 arte
1494 508 1578 547 hoc
1602 521 1782 546 carmen

237 590 334 616 cum
383 579 647 630 hymenaeis
691 578 900 631 Sapphus
945 579 1189 618 cohaereat
1234 578 1422 629 (efifgg.
1451 591 1542 627 103,
1580 578 1695 630 105),
1741 584 1787 616 et

236 662 391 687 versus
441 662 569 701 2osq.
613 649 921 688 similitudines
975 650 1387 700 comparationibus
1441 648 1520 686 illis
1572 647 1785 687 bucolicis

235 719 476 758 simillimas
520 721 754 771 praebent.
793 743 847 747 —
885 719 1187 771 Dignissimus
1232 726 1381 758 autem
1425 724 1675 757 memoratu
1718 723 1787 755 est

236 789 515 841 hymenaeus
549 788 706 829 Catulli
739 793 789 841 (c.
814 790 900 838 62);
936 790 1057 841 quod
1091 802 1285 835 carmen,
1319 790 1434 827 sicut
1466 801 1648 827 carmen
1681 787 1785 826 Par-

236 872 387 898 carum
422 861 586 911 nuptiis
624 859 746 898 Pelei
779 866 826 898 et
857 859 1060 898 Thetidis
1094 865 1345 906 cantatum,
1384 859 1542 910 generi
1582 858 1785 897 bucolico

236 931 418 980 propius
448 931 667 969 accedere
699 943 833 982 quam
864 930 990 969 aliam
1017 931 1188 981 poesim
1218 931 1391 981 epicam
1415 930 1498 967 iam
1524 927 1786 979 intelligitur

237 1012 295 1038 ex
319 1013 396 1039 usu
420 1013 629 1039 versuum
655 1000 997 1039 intercalarium.
1061 999 1203 1050 Quem
1232 1000 1533 1051 hymenaeum
1559 1011 1658 1037 cum
1683 1011 1786 1036 con-

236 1071 472 1116 scriberet,
517 1069 737 1110 Catullum
784 1083 871 1109 non
918 1076 1059 1108 artem
1100 1070 1510 1108 Alexandrinorum
1554 1068 1785 1106 doctrinae

236 1139 415 1191 plenam
439 1141 727 1191 expressisse,
745 1140 825 1178 sed
843 1141 1014 1191 poesim
1034 1141 1316 1191 ingeniosam
1335 1151 1518 1177 suavem
1538 1138 1783 1189 simplicem

235 1210 346 1248 illius
378 1212 581 1262 poetriae
616 1210 792 1262 lyricae,
827 1211 911 1249 etsi
938 1224 1026 1249 non
1055 1223 1236 1249 carmen
1261 1216 1430 1248 certum
1460 1210 1551 1247 eius
1576 1214 1785 1247 accurate

235 1281 382 1327 vertit,
413 1286 614 1320 secutum
642 1294 741 1319 esse
766 1287 968 1332 apparet.
1020 1279 1225 1319 Artificia
1250 1279 1438 1329 dicendi,
1462 1280 1496 1317 si
1521 1292 1635 1330 quae
1660 1279 1787 1316 huius

236 1352 443 1389 carminis
464 1353 528 1390 62.
547 1352 729 1402 propria
749 1356 863 1397 sunt,
887 1364 945 1389 ex
969 1351 1129 1389 eodem
1153 1350 1291 1397 fonte,
1315 1362 1403 1400 quo
1427 1355 1567 1387 totum
1593 1361 1787 1394 carmen,

235 1419 416 1459 fluxisse
446 1421 790 1459 existimandum
821 1426 902 1460 est.
952 1420 1044 1459 Iam
1081 1420 1265 1458 afferam
1301 1419 1510 1470 exempla
1544 1419 1636 1457 eius
1670 1431 1786 1469 sym-

238 1492 425 1529 metriae
459 1491 854 1537 hemistichiorum,
889 1504 1005 1542 quae
1039 1492 1081 1529 in
1115 1491 1200 1529 hoc
1235 1491 1431 1528 carmine
1464 1489 1633 1527 inveni:

948 1607 977 1655 1,
1011 1621 1083 1647 1a:

238 1688 281 1741 a)
348 1702 388 1738 3:
450 1702 637 1740 surgere
671 1690 757 1727 iam
792 1695 988 1740 tempus,
1021 1690 1105 1727 iam
1141 1690 1334 1740 pingues
1367 1688 1567 1739 linquere
1598 1700 1789 1733 mensas,

493 1763 503 1778 1
645 1764 656 1779 ¹2

449 1783 533 1820 iam
569 1784 721 1821 veniet
753 1763 894 1833 virgo,
924 1782 929 1834 Ι
958 1764 1042 1821 ἰείη]
1079 1774 1252 1821 dicetur
1285 1762 1631 1832 hymeiiaeusffy

321 1878 388 1915 18:
451 1857 601 1914 dicere
634 1868 720 1914 ίᾶἲτι
754 1856 980 1927 incipient,
1009 1873 1013 1930 1
1043 1866 1127 1914 iarn
1162 1856 1440 1926 respolndere
1475 1854 1701 1918 decebit&

946 1984 976 2031 Ι,
1005 1985 1083 2023 1b:

574 2059 583 2073 l
734 2060 745 2074 *2
887 2058 898 2073 ³
1135 2058 1145 2073 1
1357 2058 1369 2072 2
1538 2055 1548 2070 3
1708 2056 1719 2071 '2

239 2084 283 2127 α)
315 2090 386 2126 50:
448 2091 692 2129 numquam
717 2091 765 2116 se
790 2077 973 2124 extollit,
994 2075 996 2131 1
1018 2089 1259 2128 numquam
1284 2077 1435 2114 mitem
1461 2076 1625 2114 edu'cat
1647 2087 1789 2113 uvam.

241 2169 279 2223 y)
318 2183 388 2220 39:
451 2175 498 2209 ut
529 2170 611 2209 flos
644 2172 686 2209 in
720 2171 888 2221 saeptis
921 2176 1123 2209 secretus
1157 2171 1354 2208 nascitur
1386 2169 1537 2215 hortis,

452 2244 633 2315 ignotus
666 2245 831 2314 pedori,
860 2263 864 2315 1
895 2255 1011 2302 nullo
1046 2244 1283 2301 convolsus
1317 2255 1478 2309 aratro,

947 2368 976 2415 Ι,
1005 2369 1085 2407 2b:

242 2451 389 2500 a)v.3:
451 2463 582 2501 quem
620 2450 754 2488 modo
788 2451 1015 2500 exscripsi.

324 2557 393 2592 15:
454 2556 536 2582 nos
569 2524 652 2582 asio
688 2535 874 2590 mefites,
904 2523 1020 2595 ¹fallio
1055 2543 1281 2581 divisimus
1316 2535 1457 2580 aures

361 2670 389 2711 ¹)
424 2670 504 2702 Hoc
536 2670 619 2702 loco
653 2680 869 2712 quamquam
903 2669 1073 2701 notiones
1099 2668 1216 2700 minus
1244 2667 1417 2710 aequales
1450 2671 1533 2699 sunt
1565 2676 1670 2708 quam
1699 2665 1790 2704 alibi,

243 2739 315 2761 non
348 2728 491 2766 dubito,
526 2728 610 2770 quin
641 2731 753 2770 poeta
784 2728 878 2759 hanc
911 2727 1157 2770 symmetriam
1191 2725 1431 2769 quaesiverit3
1467 2735 1512 2757 ea
1544 2724 1714 2766 imprimis
1746 2733 1791 2755 eo

243 2786 419 2828 insignior
444 2787 495 2825 fit,
523 2786 621 2829 quod
648 2787 683 2817 in
708 2796 820 2819 versu
846 2786 1094 2829 praecedente
1122 2785 1254 2817 eadem
1282 2784 1466 2826 anaphora
1493 2783 1658 2815 occurrit.

363 2844 390 2886 ²)
416 2845 457 2876 ln
482 2845 553 2876 hoc
580 2854 691 2876 versu
718 2845 865 2887 quidem
891 2845 1006 2876 verba
1031 2843 1131 2874 finita
1155 2843 1302 2874 notione
1326 2852 1450 2884 parum
1471 2841 1537 2873 sibi
1556 2840 1790 2882 respondent,

245 2908 281 2936 at
307 2907 407 2936 certe
434 2903 671 2945 congruentia
696 2903 938 2935 membrorum
966 2901 1158 2934 manifesta
1183 2904 1316 2932 manet.
