2222 3417
966 263 1260 310 „33-

337 377 485 426 poesis
517 375 744 427 popularis
779 374 985 416 Graecae
1019 378 1148 415 nimis
1180 389 1325 428 pauca
1358 378 1414 415 ad
1447 390 1528 416 nos
1560 384 1883 429 pervenerunt:

338 445 499 483 deinde
533 445 708 484 difficile
742 452 812 484 est
844 459 898 484 ea
930 459 1207 498 comparare,
1242 448 1345 498 quia
1374 447 1598 499 plerisque
1628 448 1711 487 alia
1739 447 1886 487 forma

337 516 523 554 metrica
557 522 625 554 est
657 524 793 567 atque
820 518 1091 556 carminibus
1113 517 1338 556 bucoliciS.
1389 516 1598 556 Praestat
1619 519 1755 570 igitur
1780 531 1885 558 con-

336 585 532 624 siderare
571 598 718 637 genus
757 587 985 637 poeticum
1027 587 1254 638 quoddam
1289 587 1456 639 largius
1487 588 1719 635 traditum,
1763 589 1885 640 quod

337 655 610 693 hexametris
645 657 885 694 maximam
920 662 1095 707 partem
1131 659 1448 708 compositum,
1483 659 1659 697 etiamsi
1691 671 1717 696 a
1749 659 1885 698 certis

336 726 480 776 poetis
503 725 667 764 cultum
694 733 774 772 est,
798 732 949 764 tamen
973 727 1029 764 ad
1052 727 1268 778 simplicia
1291 728 1490 766 carmina
1510 727 1661 779 populi
1678 729 1884 779 proxime

336 795 530 834 accedit:
565 797 762 834 carmina
797 797 1012 848 nuptialia
1041 795 1332 837 Graecorum.
1383 796 1499 836 Nam
1534 798 1576 836 in
1611 798 1884 849 hymenaeis,

336 866 548 915 imprimis
587 864 815 917 Sapphus7
862 866 1097 918 plurimum
1137 867 1288 906 valere
1329 874 1472 907 artem
1512 868 1758 919 simplicem
1798 869 1884 907 sin-

335 947 483 973 ceram
519 934 707 981 dulcem,
741 949 857 987 quae
888 938 1134 975 carminum
1165 937 1444 988 popularium
1475 944 1554 984 est,
1586 939 1704 977 inter
1727 951 1885 978 omnes

334 1005 558 1053 constat.¹)
622 1004 903 1057 Quamquam
952 1008 1035 1058 ipsi
1075 1004 1280 1045 Graecae
1326 1008 1606 1059 antiquitatis
1643 1008 1885 1059 hymenaei

334 1083 379 1112 et
412 1075 699 1126 epithalamia
732 1083 916 1127 praeter
947 1089 1090 1128 pauca
1126 1084 1172 1115 et
1200 1090 1340 1128 parva
1361 1077 1621 1129 fragmenta
1643 1070 1884 1130 perierunt,

333 1152 484 1183 tamen
533 1146 587 1183 de
630 1145 824 1185 artificiis
865 1160 1015 1185 eorum
1059 1147 1271 1186 nonnulla
1308 1161 1389 1186 nos
1434 1148 1704 1187 concludere
1751 1162 1883 1200 posse

333 1227 463 1265 spero
504 1228 561 1253 ex
600 1215 671 1254 illo
711 1216 998 1267 epithalamio
1040 1217 1245 1256 Helenae
1285 1231 1310 1256 a
1349 1217 1590 1257 Theocrito
1631 1220 1883 1270 composito

333 1293 379 1322 et
412 1298 467 1322 ex
503 1285 789 1336 epithalamio
815 1299 839 1324 a
863 1284 1034 1325 Catullo
1069 1287 1344 1326 hexametris
1377 1290 1544 1340 scripto
1578 1291 1628 1339 (c.
1653 1290 1733 1339 62),
1765 1302 1883 1341 quae

331 1356 548 1401 carmina,
588 1368 675 1407 qua
709 1363 813 1394 sunt
845 1356 1129 1407 simplicitate
1164 1359 1452 1409 cogitationis
1486 1365 1532 1397 et
1565 1360 1787 1406 dictionis,
1826 1359 1884 1398 ad

331 1425 541 1476 exempla
589 1434 746 1464 vetera
792 1426 902 1465 illius
947 1427 1156 1478 simplicis
1201 1429 1469 1480 venustique
1515 1431 1696 1481 generis
1734 1431 1884 1481 poesis

330 1494 494 1545 lyricae
541 1495 752 1534 confecta
800 1509 900 1535 esse
945 1504 1118 1536 certum
1165 1498 1279 1547 est.²)
1350 1496 1583 1548 Quaedam
1631 1506 1882 1539 memoratu

330 1566 466 1615 digna
513 1578 619 1603 vero
667 1579 724 1604 ex
771 1568 964 1618 antiquis
1007 1569 1287 1619 temporibus
1331 1576 1512 1608 servata
1555 1576 1676 1616 sunt,
1721 1571 1883 1622 quibus

328 1635 564 1673 verisimile
620 1634 669 1673 fit
722 1637 763 1674 in
820 1637 981 1676 talibus
1035 1639 1306 1678 carminibus
1358 1639 1473 1678 illam
1529 1642 1881 1680 concinnitatem

329 1704 521 1743 libenter
560 1706 805 1745 adhibitam
849 1720 960 1746 esse.
1021 1707 1216 1747 Primum
1252 1708 1478 1748 Hesiodus
1517 1711 1559 1749 in
1594 1710 1881 1762 epithalamio

326 1774 447 1813 Pelei
482 1782 528 1812 et
561 1774 765 1815 Thetidis
799 1777 884 1816 hoc
918 1778 1112 1828 scripsit:

575 1849 583 1863 ¹
917 1852 928 1867 ²
1258 1853 1267 1868 ι
1433 1855 1444 1870 ’.·
1597 1855 1608 1871 -2

538 1869 622 1919 τρὶς
652 1869 797 1921 μάκαρ
829 1870 1009 1922 Αἱακῐὸη
1039 1868 1044 1920 Ι
1072 1871 1142 1910 καὶ
1172 1873 1355 1924 τετράκις
1387 1873 1499 1925 ὄλβιε
1534 1873 1686 1926 Πηλεῦ,

327 1962 458 1999 quem
502 1950 644 1988 locum
689 1953 889 1990 servavit
927 1951 1112 1991 Tzetzes
1149 1955 1191 1992 in
1232 1954 1410 1993 scholiis
1443 1956 1497 1993 ad
1532 1954 1877 2008 Lycophronem

327 2020 501 2070 scriptis
536 2019 622 2069 (sed.
647 2020 816 2066 Malles,
848 2035 888 2072 p.
914 2022 1028 2075 261).
1080 2023 1258 2062 Deinde
1295 2038 1427 2063 unum
1462 2033 1586 2064 certe
1621 2026 1878 2078 exemplum

327 2101 383 2127 ex
449 2089 630 2128 tantulis
695 2090 964 2142 fragmentis
1030 2093 1383 2144 hymenaeorum
1443 2094 1653 2148 Sapphus
1718 2096 1878 2136 afferre

326 2171 525 2209 possum.
571 2162 640 2198 cui
676 2162 758 2199 tria
791 2162 948 2200 brevia
981 2164 1182 2202 membra
1216 2165 1430 2215 parallela
1462 2172 1581 2212 sunt,
1628 2167 1683 2205 de
1717 2168 1879 2219 quibus

326 2228 412 2267 duo
461 2231 501 2267 in
545 2243 650 2275 uno,
697 2233 875 2270 tertium
916 2233 958 2270 in
999 2233 1140 2271 altero
1183 2234 1464 2274 hemistichio
1510 2243 1678 2284 exstat,
1722 2237 1777 2277 cf.
1811 2238 1879 2277 ed.

326 2297 492 2347 Bergk.
527 2299 611 2350 frg.
636 2314 686 2350 95
724 2301 846 2354 (pag.
875 2312 992 2353 122):

541 2381 718 2433 Γὲσπερε
749 2384 882 2423 πάντα
914 2385 1071 2436 ([έρων,
1105 2386 1185 2425 ὅσα
1217 2386 1402 2437 φαίνολις
1434 2387 1621 2427 ἕσκέὸασ’
1657 2389 1784 2435 αἷῗως,

605 2456 612 2470 1
733 2459 743 2473 ἰ
865 2458 872 2473 ι
1016 2460 1027 2474 -ι
1208 2460 1216 2474 1
1653 2464 1665 2478 ,ζ

535 2476 673 2525 φέρεις
705 2477 777 2522 οἶν,
811 2479 936 2529 ([έρες
967 2478 1073 2529 αἶγα,
1103 2476 1107 2530 Ι
1138 2480 1276 2530 φέρεις
1307 2480 1391 2520 ‹iz-w
1423 2482 1565 2533 ματέρι
1598 2482 1739 2522 παῖδα.

447 2576 471 2615 ¹)
499 2576 550 2608 Cr.
579 2579 739 2621 exempli
766 2581 897 2621 gratia:
926 2581 1413 2627 Rossbaeh-Westpha1‚
1441 2584 1680 2619 Griechische
1708 2587 1876 2628 Metrik³‚

323 2632 468 2676 Leipzig
493 2638 588 2674 1889,
616 2647 648 2678 p.
669 2646 723 2675 41.
766 2638 820 2669 W.
848 2639 1069 2679 Koerber,
1098 2641 1155 2674 De
1182 2641 1403 2675 Graecorum
1432 2643 1648 2686 hymenaeis
1674 2649 1712 2678 et
1737 2646 1876 2689 epitha-

322 2692 446 2724 lamiis.
499 2693 594 2726 Diss.
618 2695 758 2728 Vratisl.
791 2700 888 2738 ιδῃ,
916 2710 947 2741 p.
976 2708 1028 2740 25.
1088 2699 1129 2732 G.
1157 2699 1343 2744 Lafaye,
1378 2702 1518 2735 Catulle
1545 2707 1582 2736 et
1608 2714 1670 2736 ses
1696 2701 1874 2738 modeles.

324 2749 421 2782 l'aris
447 2754 545 2790 1894,
573 2764 604 2794 Ι».
626 2761 687 2794 ο5;
715 2758 768 2787 08.

442 2810 467 2845 ²)
497 2810 574 2841 lloc
597 2811 657 2842 viri
679 2812 775 2844 (loeti
797 2814 959 2857 plerique
980 2816 1243 2855 iudicaverunt,
1271 2817 1314 2849 cf.
1331 2818 1641 2858 XVilamowitz,
1669 2821 1724 2853 l.1.
1746 2833 1778 2864 p.
1800 2831 1872 2861 141.

322 2866 541 2906 Koerber,
575 2869 593 2900 1.
621 2869 640 2902 l.
667 2881 698 2912 1».
727 2880 830 2914 5osq.
884 2872 1089 2913 Scffisser,
1129 2874 1185 2907 De
1219 2876 1345 2909 Catulli
1380 2877 1539 2910 carmine
1573 2878 1688 2918 LXII,
1722 2879 1873 2920 Pars1.,

322 2925 434 2957 stade
462 2929 558 2966 1899,
587 2939 668 2970 pag.
695 2939 819 2973 izsqq.
