2222 3417
1000 368 1051 416 Π,
1083 369 1161 408 1b:

309 466 348 511 α’)
413 475 485 511 353
518 462 754 501 Deseritur
785 460 950 509 Cieros,
982 462 1189 514 linquunt
1218 461 1472 501 Phthiotica
1504 468 1657 514 tempe

520 554 858 607 Crannonisque
893 556 1050 594 domos
1083 569 1135 595 ac
1169 557 1344 595 moenia
1376 555 1598 604 Larisaea,

517 630 777 688 Pharsalum
813 641 989 696 coeunt,
1018 648 1021 701 Ι
1049 630 1278 688 Pharsalia
1310 631 1435 688 tecta
1462 642 1768 702 frequentant.

308 754 345 803 ὁ)
411 757 483 803 3οε
519 767 651 806 quem
687 768 861 794 versum
899 755 1032 794 modo
1064 756 1291 807 exscripsi.

423 859 471 897 In
518 860 602 898 hoc
648 860 810 911 epyllio
851 866 1020 899 tantum
1068 874 1112 899 11
1155 860 1268 899 tales
1312 873 1467 898 versus
1511 859 1735 911 leguntur,
1781 862 1855 912 qui

307 942 516 967 numerus
550 930 693 968 minor
725 937 795 968 est
829 943 959 981 quam
997 943 1207 968 numerus
1239 930 1408 969 illorum
1444 943 1665 978 versuum,
1705 931 1779 982 qui
1811 932 1855 969 in

307 999 429 1037 brevi
465 1000 660 1037 carmine
690 1002 755 1038 62.
783 1006 1033 1039 occurrunt.
1086 999 1157 1038 De
1186 1001 1235 1038 iis
1262 1000 1321 1039 hi:
1357 1001 1451 1047 226,
1476 1013 1512 1049 3,
1538 1002 1603 1048 36,
1632 1001 1855 1051 praebent

305 1070 625 1119 symmetriam,
659 1083 774 1121 quae
808 1070 947 1108 solum
978 1071 1020 1108 in
1045 1071 1334 1109 substantivis
1358 1083 1605 1122 eorumque
1629 1071 1854 1110 attributis

305 1140 448 1189 posita
474 1146 560 1183 est;
584 1146 823 1190 praeterea
846 1141 888 1178 in
911 1153 1042 1179 versu
1066 1142 1160 1179 226.
1179 1141 1383 1179 membra
1404 1141 1578 1179 ratione
1602 1142 1855 1192 syntactica

305 1209 448 1247 minus
488 1210 693 1260 aequalia
731 1216 834 1248 sunt
872 1216 1009 1261 atque
1046 1210 1264 1261 particula
1307 1212 1405 1260 ‚,ut“
1445 1212 1588 1249 minus
1622 1218 1718 1249 arte
1752 1224 1850 1250 cum

305 1280 466 1317 ceteris
493 1280 641 1317 verbis
668 1293 824 1318 versus
857 1281 1097 1319 coniuncta
1126 1286 1205 1319 est.
1258 1280 1435 1319 Deinde
1459 1282 1501 1319 in
1525 1294 1656 1320 versu
1685 1293 1749 1332 37.
1771 1282 1855 1320 sibi

304 1349 580 1400 respondent
598 1355 770 1389 tantum
791 1350 965 1401 singula
984 1351 1123 1389 verba
1143 1364 1388 1402 eorumque
1409 1352 1599 1390 obiecta,
1641 1350 1850 1391 Ceterum

304 1420 516 1469 imprimis
550 1420 993 1459 commemorandum
1032 1426 1103 1459 est
1134 1421 1218 1459 tria
1251 1420 1493 1460 clarissima
1526 1421 1751 1473 exempla:
1785 1435 1854 1462 vv.

310 1502 398 1536 141,
420 1491 510 1537 146,
531 1492 621 1537 148,
643 1503 741 1527 esse
758 1490 867 1529 illius
882 1491 1021 1541 partis
1040 1490 1371 1529 lamentationis
1387 1491 1615 1530 Ariadnae
1635 1492 1854 1539 desertae,

304 1571 419 1610 quae
454 1559 537 1597 alia
567 1573 745 1611 quoque
776 1560 985 1611 exempla
1013 1561 1311 1611 insignissima
1335 1563 1626 1612 symmetriae
1650 1563 1853 1613 praebet,

303 1629 357 1668 cf.
387 1642 461 1678 143
486 1650 526 1660 κ
557 1643 646 1678 144,
676 1643 750 1679 145
764 1643 828 1682 sq.
850 1651 892 1661 ω
920 1642 1091 1682 147sq.:
1126 1631 1211 1670 hoc
1246 1631 1343 1670 loco
1376 1638 1515 1682 poeta
1548 1633 1852 1671 concinnitate

304 1701 618 1747 membrorum,
652 1714 767 1752 quae
800 1713 981 1752 semper
1009 1714 1264 1752 synonyma
1290 1708 1404 1748 sunt,
1437 1702 1629 1752 puellam
1663 1702 1855 1742 molliter

303 1778 347 1807 et
381 1770 559 1807 abunde
588 1777 851 1821 querentem
883 1770 1069 1810 effinxit.
1123 1771 1299 1810 Deinde
1326 1773 1368 1810 in
1396 1785 1526 1810 versu
1555 1785 1648 1822 255.
1672 1786 1726 1811 ea
1749 1785 1853 1812 con-

301 1840 490 1878 cinnitas
515 1853 566 1878 ac
589 1842 832 1892 praecipue
854 1843 1077 1892 repetitio,
1110 1848 1152 1880 ut
1178 1843 1346 1893 opinor,
1368 1844 1567 1893 pertinet
1590 1843 1647 1881 ad
1670 1843 1849 1882 modum

301 1911 547 1948 carminum
576 1910 891 1962 Dionysiorum
923 1912 1199 1951 imitandum.
1251 1911 1363 1950 Tum
1394 1926 1570 1951 versum
1598 1916 1692 1963 336.
1718 1927 1848 1952 unum

302 1979 356 2017 (le
392 1980 457 2017 his
491 1982 696 2019 omnibus
729 1994 828 2019 cum
862 1981 941 2019 illis
973 1983 1175 2021 versibus
1215 1995 1274 2031 15,
1301 1984 1364 2029 28,
1387 1995 1454 2031 42,
1477 1996 1544 2031 44,
1568 1996 1633 2032 53,
1659 1996 1724 2033 55,
1757 1997 1851 2023 car-

302 2051 428 2088 minis
463 2052 528 2088 62.
561 2051 912 2102 comparandum
949 2065 1049 2090 esse
1089 2051 1218 2091 facile
1259 2052 1538 2104 intelligitur;
1581 2067 1668 2106 quo
1708 2067 1851 2102 versu,

302 2121 508 2171 quoniam
554 2122 669 2159 inter
708 2135 862 2160 versus
901 2123 1108 2161 carminis
1148 2123 1355 2174 nuptialis
1394 2122 1632 2163 Parcarum
1676 2123 1850 2175 legitur,

300 2190 431 2228 etiam
482 2192 625 2241 magis
671 2193 888 2242 probatur
931 2192 1033 2230 talia
1073 2194 1286 2244 imprimis
1324 2193 1381 2231 ad
1420 2193 1711 2233 hexametros
1750 2195 1850 2234 huic

299 2261 421 2298 suavi
463 2262 588 2311 poesi
628 2268 838 2300 cantatae
877 2263 1110 2313 propiores
1148 2263 1405 2302 reddendos
1445 2264 1607 2303 idonea
1645 2278 1756 2304 esse.
1794 2289 1851 2293 -—

301 2328 519 2379 Quoniam
546 2333 840 2382 cog-novimus
863 2335 1168 2383 symmetriam
1196 2334 1589 2381 hemistichiorum,
1621 2341 1667 2374 ut
1691 2337 1730 2373 in
1756 2348 1849 2374 car-

301 2400 489 2438 minibus
534 2401 746 2440 bucolicis
785 2400 990 2453 Vergilii,
1042 2403 1287 2449 Theocriti,
1338 2405 1558 2443 variorum
1612 2412 1847 2456 poetarum

299 2468 571 2509 Graecorum
610 2472 746 2510 multo
781 2474 959 2523 saepius
989 2486 1121 2525 quam
1153 2475 1193 2512 in
1225 2474 1318 2512 aliis
1347 2475 1618 2514 carminibus
1649 2475 1848 2515 adhibita

300 2547 378 2580 est,
413 2540 470 2577 ita
506 2541 544 2577 in
582 2540 650 2579 illo
675 2544 871 2579 carmine
897 2543 1080 2594 nuptiali
1104 2542 1259 2583 Catulli
1287 2544 1424 2583 multo
1449 2546 1720 2583 crebriorem
1748 2559 1847 2585 esse

299 2621 429 2659 quam
467 2611 505 2648 in
543 2610 723 2661 epyllio.
763 2613 895 2650 etiam
933 2615 1076 2663 magis
1110 2615 1327 2665 probatur
1359 2628 1413 2653 ea
1446 2614 1647 2662 artificia,
1688 2617 1847 2667 quibus

298 2687 458 2728 poetae
493 2680 682 2720 bucolici
712 2684 977 2721 suavitatem
1009 2690 1054 2722 ct
1081 2685 1273 2734 gratiam
1305 2684 1549 2736 simplicem
1576 2687 1847 2725 carminibus

297 2750 385 2786 suis
418 2752 756 2801 comparabant,
789 2751 967 2791 fluxisse
1000 2768 1022 2790 e
1053 2767 1260 2793 sermone
1290 2757 1533 2794 carminum
1566 2756 1843 2807 popularium

299 2818 546 2868 lyricorum,
559 2821 626 2858 cui
644 2829 802 2871 poetas
819 2824 1028 2874 antiquos
1043 2824 1409 2875 hymenaeorum,
1425 2827 1639 2877 imprimis
1649 2826 1846 2878 Sappho,

299 2889 400 2926 item
440 2890 621 2929 multum
659 2891 866 2931 debuisse
901 2904 1102 2944 apparet.
1158 2894 1271 2933 Huic
1301 2895 1400 2934 stilo
1431 2897 1579 2947 poesis
1608 2897 1845 2948 popularis,
