2222 3417
903 286 1222 322 -114-

291 403 352 440 15,
369 393 440 430 60:
1349 389 1431 429 εἶτα
1463 390 1687 442 παρειηῖεῖν

496 460 696 512 εὖμαρές,·
727 483 784 487 -
816 460 858 503 ἒς
892 459 1041 511 Τροίαν
1073 460 1328 511 πειρώμενοι
1359 458 1493 511 ἧνθον
1518 460 1685 512 Ἀχαιοί,

496 530 688 570 καλλίστα
714 529 896 569 παίδων·
925 530 930 584 Ι
957 530 1078 581 πείρᾳ
1105 530 1189 582 θην
1220 530 1352 569 πάντα
1383 529 1556 570 τελεῖται.

292 612 440 650 15,99:
497 600 736 652 φθεγξεῖταί
764 616 808 646 τι,
841 599 939 652 σάφ’
969 599 1074 646 οἶδα,
1106 599 1251 640 καλόν·
1286 599 1577 652 ὁιαθρύπτεται
1605 600 1696 653 ἤδη.

393 686 612 726 Videmus
627 689 764 739 igitur
778 689 820 726 in
841 688 927 726 hoc
948 687 1096 739 idyllio
1118 702 1132 726 1
1143 701 1179 737 5.
1195 688 1428 726 enuntiata
1443 689 1538 726 eius
1551 689 1734 739 generis
1749 701 1838 728 non

286 771 387 796 rara
408 771 519 805 esse,
541 771 641 797 cum
664 758 719 796 ad
741 759 1006 796 tenuitatem
1031 759 1251 797 sermonis
1269 757 1480 797 cotidiani
1498 758 1838 810 exprimendam

287 834 393 879 apta
418 830 518 867 sint.
568 828 747 867 Deinde
771 829 814 866 in
839 828 1126 880 epithalamio
1153 828 1356 867 Helenae
1381 833 1552 866 tantum
1578 828 1664 868 hoc
1688 841 1840 866 exem-

288 898 407 949 plum
443 899 654 937 occurrit:

285 992 358 1030 47:
497 981 721 1032 γράμματα
755 979 790 1019 δ’
821 980 863 1019 ἒν
895 979 1032 1032 φλοιῷ
1064 980 1322 1031 γεγράψεται,
1355 980 1415 1024 ὡς
1445 981 1611 1031 παριών
1642 995 1701 1024 τις

497 1050 665 1102 α’ννείμῃ
703 1050 892 1101 Δωριστί·
926 1050 1076 1102 ,,σε’βου
1107 1049 1170 1101 μ’·
1199 1049 1364 1094 Ἑλένας
1395 1049 1526 1102 φυτὸν
1557 1051 1679 1102 εἰμίίι.

403 1137 471 1176 Ex
502 1137 660 1189 idylliis
699 1140 761 1177 16.
788 1146 833 1176 et
866 1150 926 1188 17.
959 1138 1029 1177 hic
1062 1151 1218 1177 versus
1253 1137 1371 1177 solus
1406 1137 1553 1176 afferri
1585 1144 1755 1189 potest:

293 1231 353 1268 17,
371 1232 413 1268 33
501 1219 670 1270 ἀνδρῶν
703 1219 738 1259 δ’
767 1218 820 1258 αὖ
853 1218 1114 1271 Πτολεμαῖος
1146 1220 1202 1259 ἐνὶ
1233 1220 1430 1271 πρώτοισι
1462 1219 1650 1270 λεγέσθω

497 1289 566 1328 καὶ
593 1290 783 1341 πύματος
813 1289 881 1329 καὶ
909 1290 1078 1341 μέσσος·
1109 1290 1113 1341 Ι
1142 1290 1165 1329 ὃ
1195 1289 1273 1341 γὰρ
1301 1290 1634 1341 προφερέστατος
1661 1289 1840 1340 ἀνδρῶν.

285 1375 494 1428 Denique
523 1377 593 1415 illa
621 1377 770 1428 idyllia
799 1378 926 1428 epica
960 1391 1020 1427 13,
1045 1390 1111 1423 22,
1137 1390 1201 1426 24,
1222 1378 1448 1429 praebent
1474 1377 1587 1416 haec
1611 1376 1839 1428 exempla:

289 1471 354 1507 24,
369 1472 440 1508 35:
496 1459 666 1499 ἄι’σταθ’
696 1459 982 1512 ἱ-Ῑμφιτρύων·
1012 1459 1017 1514 Ι
1045 1460 1117 1512 ε’μὲ
1150 1460 1228 1512 γὰρ
1261 1460 1355 1504 δέος
1387 1461 1485 1512 ἴσχει
1518 1459 1711 1512 ὀκνηρόν.

293 1542 354 1579 13,
370 1542 442 1578 52:
499 1529 722 1581 κουφότερ’
752 1528 789 1569 ὦ
821 1530 965 1574 παῖὸες
995 1530 1171 1570 ποιεῖσθ’
1200 1530 1323 1570 ὅπλα·
1358 1529 1599 1574 πλευστικὸς
1630 1528 1771 1580 οὖρος.

289 1612 354 1648 24,
369 1612 440 1648 50:
496 1600 663 1639 ἅνστατε
697 1600 837 1651 δμῶες
868 1600 1180 1652 ταλασίφρονες·
1214 1600 1338 1645 αὐτὸς
1369 1600 1490 1640 ἀυτεῖ.

294 1682 442 1720 13‚70:
1067 1671 1090 1710 ὃ
1123 1670 1158 1710 δ’
1190 1669 1219 1723 ᾇ
1248 1670 1376 1714 πόδες
1408 1669 1511 1721 ἆγον
1542 1670 1689 1721 ἐχώρει

497 1740 768 1792 μαινόμενος·
802 1740 980 1792 χαλεπὸς
1013 1740 1091 1792 γὰρ
1124 1741 1207 1780 ἔσω
1233 1740 1331 1784 θεὸς
1364 1738 1476 1792 ἧπαρ
1508 1739 1701 1791 ἄμυσσεν.

289 1813 471 1858 22,11():
498 1810 582 1850 εἰπὲ
618 1810 706 1855 θεά,
740 1810 789 1850 σὺ
823 1810 901 1862 γὰρ
934 1810 1070 1850 οἶσθ-α.

287 1897 614 1949 Cognoscimus
646 1899 783 1949 igitur
816 1898 901 1937 hoc
934 1911 1081 1949 genus
1115 1898 1293 1937 dicendi
1326 1898 1460 1936 etiam
1495 1898 1538 1935 in
1572 1897 1844 1935 carminibus

288 1970 423 2020 epicis
457 1967 684 2007 Theocriti
725 1981 806 2019 pro
843 1981 1030 2006 numero
1062 1980 1273 2006 versuum
1307 1980 1408 2006 raro
1442 1967 1687 2005 adhibitum
1724 1977 1843 2007 esse:

288 2045 528 2090 praeterea
561 2038 1011 2076 animadvertendum
1048 2044 1117 2076 est
1141 2038 1196 2076 de
1220 2038 1286 2076 his
1310 2037 1417 2076 locis
1440 2045 1532 2075 tres
1554 2037 1722 2088 primos
1745 2047 1844 2074 esse

289 2110 501 2147 orationis
529 2115 694 2155 rectae,
729 2121 861 2160 quam
894 2109 1041 2147 vivam
1073 2115 1118 2146 et
1142 2108 1387 2159 simplicem
1413 2099 1513 2146 esse
1536 2112 1674 2158 poeta
1696 2105 1845 2145 voluit.

406 2183 581 2224 certius
615 2185 750 2222 etiam
787 2184 1078 2235 cognoscitur
1111 2183 1195 2222 hoc
1225 2183 1416 2221 studium
1449 2182 1689 2234 parataxis,
1725 2180 1844 2232 quod

289 2256 330 2293 in
370 2254 596 2306 frequenti
631 2267 710 2292 usu
746 2254 946 2292 brevium
989 2254 1320 2292 enuntiatorum
1359 2252 1599 2292 causalium
1637 2251 1846 2297 cernitur,

289 2325 503 2376 imprimis
547 2325 729 2375 generis
772 2323 962 2362 bucolici
1007 2324 1234 2375 proprium
1282 2335 1400 2368 esse,
1444 2323 1480 2361 si
1526 2321 1596 2360 illa
1635 2319 1847 2360 Bucolica

291 2394 546 2433 inferiorum
578 2401 830 2445 temporum
864 2399 1202 2444 compara11tur;
1237 2394 1277 2430 in
1303 2393 1531 2443 epitaphio
1556 2391 1707 2430 Bionis
1734 2391 1846 2429 haec

291 2465 499 2516 exempla
534 2471 792 2503 occurrunt:

351 2549 393 2585 ὁὶ
503 2579 510 2585 .
535 2579 541 2585 .
566 2578 572 2584 .
598 2550 669 2585 νῦν
704 2546 876 2585 {uinum
908 2545 1015 2584 λάλει
1046 2545 1093 2584 τὰ
1127 2544 1177 2584 σοὶ
1212 2545 1437 2596 γράμματα
1469 2543 1538 2582 καὶ
1568 2543 1694 2581 πλέον
1725 2543 1814 2581 αἰαῖ

501 2616 687 2668 λάμβανε
719 2619 800 2658 τοῖς
831 2615 1051 2655 πετάλοισι·
1081 2615 1086 2666 Ι
1114 2614 1242 2659 καλὸς
1272 2614 1448 2654 τέθνακε
1479 2612 1680 2664 μελικτάς.

300 2689 390 2726 ῐοὸῑ
501 2690 586 2728 ταῖς
619 2685 838 2738 λ’ύμφαισι
873 2686 908 2725 (δ’
937 2686 1078 2732 ἔὸοξεν
1110 2685 1170 2725 ἀεὶ
1201 2684 1271 2724 τὸν
1301 2685 1512 2736 βάτραχον
1544 2682 1667 2735 ᾄδειν.

501 2760 586 2800 ταῖς
619 2756 653 2795 δ’
683 2756 768 2807 ἐγὼ
798 2755 848 2795 οὐ
877 2757 1116 2808 ᾳἾΊονέοιΙιιι·
1146 2756 1150 2807 Ι
1179 2754 1223 2795 τὸ
1253 2754 1332 2806 γὰρ
1359 2753 1485 2806 μέλος
1512 2753 1562 2793 οὒ
1590 2751 1719 2791 καλὸν
1747 2750 1847 2804 ᾅδει.

294 2844 506 2895 imprimis
546 2851 695 2882 autem
738 2843 923 2895 ἀφέλεια,
960 2857 1077 2895 quae
1113 2849 1181 2881 est
1216 2842 1325 2881 illius
1359 2841 1493 2893 idyllii
1528 2853 1593 2891 27,
1633 2851 1845 2891 magnam

294 2921 466 2964 partem
504 2914 759 2965 frequentia
796 2913 945 2952 talium
982 2926 1189 2952 versuum
1226 2912 1389 2951 effecta
1425 2918 1510 2951 est:
