2222 3417
1073 303 1359 339 —30—

443 416 649 454 mandum
688 422 767 455 est.
828 416 950 455 Inter
984 430 1060 455 eas
1094 418 1307 468 imprimis
1342 417 1496 469 figuris
1521 431 1579 456 ex
1600 420 1870 470 repetitione
1893 433 1990 459 ver-

441 486 594 524 borum
621 487 772 536 petitis
787 485 1025 537 Vergilius,
1049 500 1146 526 cum
1173 489 1215 526 in
1240 488 1306 525 his
1333 487 1503 538 eclogis
1526 490 1717 527 animum
1742 489 1984 528 molliorem

439 557 712 606 exprimeret
737 563 873 608 atque
899 570 1081 608 operam
1108 557 1249 603 daret,
1274 564 1320 596 ut
1343 570 1504 596 suaves
1524 558 1727 598 modulos
1742 561 1986 599 carminum

438 632 719 664 cantatorum
761 628 1020 672 imitaretur,
1060 640 1163 665 usus
1199 634 1279 667 est.
1340 627 1658 679 Repetitiones
1692 629 1930 668 studiosius
1963 642 1988 667 a

440 694 637 746 Vergilio
671 697 714 734 in
744 696 963 735 Bucolicis
988 710 1120 748 quam
1147 697 1249 736 alibi
1275 698 1497 736 adhibitas
1521 711 1620 736 esse
1647 700 1731 737 iam
1757 699 1988 737 admonuit

438 765 493 804 M.
521 765 725 815 Jasinski,
764 766 834 805 De
874 780 922 805 re
957 768 1144 806 metrica.
1182 769 1220 806 in
1258 766 1530 819 Vergilianis
1562 767 1794 808 Bucolicis.
1825 768 1984 808 Thesis

436 834 570 874 Paris.
610 835 753 875 Duaci
800 838 959 887 1003.¹)
1041 836 1132 876 Sed
1193 838 1297 877 mihi
1341 839 1553 889 proposui
1598 839 1813 889 imprimis
1857 840 1987 878 variis

436 904 589 956 figuris
633 908 950 957 repetitionum
998 908 1327 959 distinguendis
1373 921 1555 960 operam
1606 908 1724 947 dare.
1791 908 1984 947 Primum

436 976 710 1026 anaphoram
732 976 925 1027 quidem,
943 977 1046 1015 illud
1069 990 1215 1027 genus
1238 980 1519 1028 repetitionis
1544 979 1738 1017 maxime
1765 980 1986 1026 usitatum,

435 1047 553 1096 quod
601 1052 780 1084 constat
824 1046 1126 1097 compluribus
1172 1048 1385 1086 membris
1430 1049 1682 1087 coniunctis
1728 1049 1783 1087 ab
1824 1048 1980 1087 eodem

435 1116 573 1154 verbo
608 1117 774 1154 initium
807 1117 1101 1167 capientibuS,
1134 1119 1359 1168 paeterire
1394 1117 1542 1156 liceat.
1594 1118 1707 1156 Nam
1734 1118 1818 1157 hac
1841 1117 1986 1169 figura

436 1184 681 1237 Vergilium
737 1188 778 1224 in
823 1186 1046 1225 Bucolicis
1093 1200 1171 1238 pro
1218 1194 1314 1226 rata
1358 1194 1487 1239 parte
1534 1189 1715 1239 saepius
1763 1201 1894 1240 quam
1941 1189 1983 1227 in

434 1255 552 1293 libris
593 1257 730 1306 epicis
773 1270 893 1295 usum
937 1270 1035 1295 esse
1075 1256 1206 1295 facile
1246 1258 1422 1304 sentiet,
1463 1259 1662 1309 quisquis
1701 1271 1755 1296 ea
1787 1259 1986 1297 carmina

433 1325 556 1376 leget
568 1325 615 1374 ἧς
633 1327 784 1377 itaque
810 1339 864 1364 ne
890 1326 1066 1377 longius
1086 1328 1125 1365 in
1147 1341 1194 1365 re
1213 1327 1448 1366 manifesta
1469 1341 1628 1373 morer,
1644 1329 1983 1366 enumeratione

432 1396 704 1447 singulorum
739 1397 932 1435 locorum
961 1396 1219 1447 eclogarum
1247 1403 1294 1435 et
1317 1397 1498 1435 aliorum
1526 1404 1799 1448 poematum,
1823 1399 1984 1449 quibus

433 1467 663 1517 anaphora
697 1468 929 1512 invenitur,
975 1468 1295 1518 supersedebo,
1340 1469 1606 1518 praesertim
1643 1480 1741 1506 cum
1777 1467 1985 1519 exempla

432 1536 638 1575 facillime
679 1544 996 1587 agnoscantur.
1035 1561 1091 1565 —
1132 1537 1197 1575 At
1236 1537 1318 1576 alia
1352 1551 1523 1589 genera
1559 1539 1876 1589 repetitionum
1912 1539 1982 1576 hic

431 1614 626 1645 tractare
656 1607 782 1653 malo,
807 1621 935 1658 quae,
959 1620 1057 1646 cum
1084 1609 1224 1645 rarius
1248 1613 1499 1654 occurrant,
1523 1609 1652 1646 nimis
1677 1608 1981 1659 negleguntur

430 1685 565 1728 atque
599 1690 736 1728 saepe
772 1679 887 1715 inter
919 1690 966 1715 se
1001 1677 1357 1723 confunduntur;
1394 1691 1494 1716 nam
1523 1691 1588 1724 eo,
1613 1679 1734 1729 quod
1757 1679 1836 1716 viri
1861 1678 1980 1717 docti

430 1747 693 1799 plerumque
728 1749 1021 1799 quaerebant,
1055 1749 1215 1799 quibus
1247 1748 1353 1786 locis
1384 1761 1588 1786 versuum
1623 1748 1764 1786 verba
1785 1749 1981 1799 repetita

430 1818 699 1867 legerentur,
742 1818 800 1867 <id
840 1818 961 1869 quod
1000 1819 1175 1856 etiamsi
1215 1831 1301 1856 non
1338 1818 1676 1869 neglegendum
1715 1823 1794 1865 est,
1827 1823 1977 1856 tamen

431 1901 516 1926 non
552 1889 732 1926 maximi
767 1890 980 1926 momenti
1016 1888 1099 1936 est>
1134 1895 1178 1926 et
1212 1901 1367 1940 parum
1405 1888 1840 1934 animadvertebant,
1864 1901 1979 1939 quae

429 1960 540 1996 ratio
570 1959 686 1996 inter
709 1972 761 1996 ea
786 1958 1136 2004 intercederet3),
1162 1957 1329 1996 factum
1357 1965 1436 2003 est,
1461 1965 1505 1996 ut
1535 1959 1840 2008 repetitiones,
1865 1971 1979 2009 quae

429 2030 648 2066 variorum
696 2041 915 2078 generum
963 2035 1080 2073 sunt,
1125 2029 1166 2066 in
1209 2041 1340 2067 unum
1383 2028 1525 2066 locum
1570 2027 1885 2066 conferrentur
1923 2034 1979 2074 et,

428 2111 543 2149 quae
578 2098 775 2136 eiusdem
811 2099 1007 2149 generi&
1040 2104 1400 2137 secernerentur.

641 2226 669 2278 ξ
704 2226 743 2267 1.
807 2225 871 2267 De
905 2226 1058 2278 speeie
1092 2224 1287 2277 quadam
1321 2224 1761 2278 conduplicationis.

544 2309 736 2347 Primum
780 2309 978 2359 dignam,
1025 2322 1140 2359 quae
1187 2309 1584 2356 animadvertatur,
1624 2309 1738 2347 duco
1784 2307 1971 2359 figuram

427 2379 665 2429 quandam,
699 2392 787 2430 qua
820 2379 1044 2430 quoddam
1083 2380 1282 2424 verbum,
1316 2379 1436 2430 quod
1472 2378 1736 2430 plerumque
1773 2379 1814 2416 in
1852 2379 1972 2417 initio

548 2483 570 2518 ¹>
598 2482 851 2525 (·f.1›ag;„r.44‚
872 2486 926 2522 48,
944 2493 996 2525 51,
1013 2484 1068 2515 oi.

544 2542 568 2581 ²)
596 2541 752 2573 Temere
780 2541 903 2573 dicere
931 2541 1047 2583 May,
1075 2541 1093 2571 l.
1115 2541 1133 2572 l.
1154 2551 1233 2582 pag.
1256 2550 1322 2582 59„
1349 2540 1567 2582 anaphoram
1591 2540 1805 2572 rhetoricam
1826 2540 1973 2581 liguram

425 2608 508 2629 esse
537 2609 578 2629 ac
607 2599 763 2629 maxime
791 2599 833 2630 ad
861 2599 999 2639 grande
1027 2603 1063 2630 ct
1096 2598 1326 2640 magnificum
1359 2609 1477 2639 genus
1515 2598 1659 2630 (licendi
1687 2599 1864 2640 quadrare
1890 2598 1974 2630 mihi

426 2657 584 2693 videtum
614 2657 682 2688 lioc
710 2657 803 2688 enim
832 2658 878 2689 (le
906 2657 1000 2688 omni
1030 2667 1094 2689 usu
1123 2657 1329 2699 anapliorac
1358 2657 1480 2689 valere
1509 2667 1617 2698 nego,
1645 2657 1811 2699 quomam
1841 2657 1973 2699 ubique

425 2715 515 2746 hanc
551 2715 758 2747 iamdudum
801 2722 883 2747 ante
918 2721 1029 2748 artem
1064 2715 1254 2747 oratoriam
1289 2715 1471 2748 excultam
1507 2727 1528 2746 a
1560 2715 1694 2757 populo
1728 2715 1880 2747 libenter
1911 2715 1972 2746 ad-

425 2774 570 2805 hibitam
602 2774 779 2807 videmus.

543 2833 568 2866 ³¹,
596 2832 646 2862 (Τ.
681 2833 837 2874 exempli
877 2832 990 2871 gratia
1017 2832 1129 2867 locos.
1157 2843 1249 2874 quos
1282 2836 1565 2872 congesserunt:
1603 2832 1643 2863 ll.
1671 2831 1904 2864 Fritzsclie
1938 2831 1970 2863 in

424 2890 559 2921 libello:
588 2890 637 2921 Zu
659 2890 834 2921 'l'lieokrit
856 2890 925 2921 uml
948 2890 1079 2931 Vergil.
1119 2889 1263 2932 Leipzig
1287 2892 1382 2920 1800.
1421 2889 1638 2930 Jasinski.
1667 2890 1684 2921 1.
1707 2890 1725 2922 1.
1742 2900 1820 2932 pag.
1838 2896 1969 2932 4osqq.

426 2948 463 2979 R.
483 2948 620 2985 llelm,
651 2948 861 2980 Festschrift
883 2948 1069 2990 johannes
1097 2948 1261 2985 Vahlen,
1296 2958 1391 2986 iem»,
1418 2958 1524 2989 pagg.
1549 2957 1702 2990 351381111·
