2222 3417
973 208 1265 256 —96—

376 327 502 366 8.11:
558 323 751 375 χρῄσὸεις
782 321 844 362 ὦν
875 322 1040 371 ἕσιδεῖν,·
1071 322 1267 375 χρῄσὸεις
1299 322 1541 363 καταθεῖναι
1573 323 1748 371 &afilem

468 417 525 421 —
556 393 730 446 χρῄσὸω
762 393 866 432 τοῦτ’
892 393 1047 439 ἐσιδεῖν,
1079 392 1252 446 χρῄσὸω
1286 393 1526 433 καταθεῖναι
1559 393 1723 434 ἄεθλον.

345 477 431 527 qui,
464 488 735 527 quamquam
772 488 859 513 non
895 476 1035 513 verba
1062 475 1260 514 eiusdem
1291 487 1514 526 personae
1543 482 1658 522 sunt,
1684 487 1785 514 curn
1813 474 1893 515 illis

345 546 562 597 exemplis
595 545 789 584 conferri
823 546 1004 584 debent.

461 614 552 654 Sed
591 617 631 654 in
673 617 837 655 ceteris
875 615 1034 667 idylliis
1071 614 1300 654 Theocriti
1339 628 1394 653 ea
1430 628 1503 654 res
1541 615 1679 654 semel
1719 621 1890 654 tantum

345 686 525 737 legitur:

346 781 497 816 22.25:
555 767 771 819 Κάστορος
804 769 826 820 ἢ
859 769 1030 818 πρώτου
1063 766 1360 812 Πολυδεύκεος
1391 765 1540 819 ἄρξομ’
1565 767 1734 815 ἀείδειν,·

554 838 819 889 ἀμφοτέρους
853 839 1017 890 ὑμνέων
1048 837 1323 878 Πολυὸεύκεα
1355 841 1524 889 πρῶτον
1556 838 1693 878 ἀείσω.

343 921 384 958 in
425 921 586 971 quibus
625 921 829 958 versibus
868 927 1016 958 autem
1052 920 1286 959 collocatio
1319 921 1559 959 verborum
1597 921 1768 971 parium
1804 931 1892 958 non

344 991 501 1029 eadem
541 997 621 1029 est.

460 1060 506 1099 In
548 1062 819 1100 carminibus
864 1060 1119 1099 inferiorum
1162 1067 1398 1112 poetarum
1439 1060 1742 1099 bucolicorum
1777 1060 1892 1099 hanc

342 1132 656 1182 repetitionem
694 1144 780 1169 non
815 1132 1007 1182 repperi.

458 1200 667 1252 Denique
713 1201 962 1247 videamus,
1008 1214 1110 1240 num
1161 1202 1246 1240 hoc
1292 1214 1472 1253 quoque
1518 1213 1664 1251 genus
1703 1199 1893 1248 dicendi,

343 1272 461 1323 quod
498 1271 739 1310 Theocrito
773 1278 820 1309 et
851 1270 1052 1322 Vergilio
1089 1272 1233 1323 magis
1265 1273 1437 1323 poesim
1471 1270 1718 1310 bucolicam
1755 1283 1889 1323 quam

343 1343 514 1393 epicam
546 1343 709 1380 decere
737 1343 874 1380 visum
906 1350 986 1387 est,
1019 1355 1076 1380 ex
1103 1343 1386 1386 carminibus,
1420 1354 1536 1393 quae
1561 1354 1585 1379 a
1608 1342 1734 1392 poesi
1758 1341 1892 1380 docta

342 1412 600 1463 longissime
646 1413 826 1457 absunt,
878 1413 1020 1464 repeti
1066 1413 1217 1463 possit.
1287 1411 1482 1451 Primum
1535 1413 1576 1450 in
1630 1412 1890 1450 memoriam

342 1482 585 1520 reducendi
640 1489 743 1520 sunt
796 1482 853 1520 illi
901 1495 1056 1521 versus
1105 1483 1332 1521 cuiusdam
1384 1483 1592 1521 carminis
1645 1481 1890 1533 popularis:

342 1551 437 1591 Ποῖ·
468 1568 539 1604 μοι
572 1552 618 1591 τὰ
653 1552 776 1602 ῥόὸα,
817 1565 928 1604 quos
967 1565 1102 1604 supra
1141 1557 1259 1604 (pag.
1284 1553 1352 1602 37)
1392 1553 1644 1603 exscriptos
1679 1553 1892 1591 invenies.

341 1622 518 1660 Deinde
553 1636 609 1661 ex
644 1622 800 1662 Scoliis
834 1621 1108 1662 Graecorum
1153 1623 1265 1662 haec
1305 1622 1451 1661 afferri
1487 1629 1676 1674 possunt
1709 1621 1890 1673 (Bergk.

341 1692 409 1735 ΙΙΙ,
433 1706 473 1744 p.
498 1699 592 1741 050.
616 1692 665 1732 fr.
691 1697 777 1741 24):

453 1769 493 1807 ‘A
532 1767 576 1811 ι’ῗς
606 1769 678 1807 τὰν
709 1769 892 1820 βάλανον
923 1768 995 1808 mlv
1025 1769 1102 1820 μὲν
1133 1770 1226 1820 ἔχει,
1259 1768 1330 1808 τὰν
1364 1768 1400 1808 δ’
1425 1769 1563 1819 ἔραται
1595 1768 1750 1820 λαβεῖν·

458 1839 578 1890 κάγὼ
609 1839 738 1878 παῖδα
771 1839 902 1892 καλὴν
933 1839 1004 1891 τὴν
1034 1840 1111 1891 μὲν
1145 1840 1242 1891 ἔχω,
1274 1839 1346 1890 τὴν
1380 1838 1415 1878 δ’
1440 1839 1591 1890 ἔραμαι
1623 1839 1773 1890 λαβεῖν.

341 1915 517 1954 Deinde
554 1929 691 1966 saepe
726 1928 806 1966 pro
841 1928 1027 1954 numero
1060 1928 1267 1954 versuum
1304 1914 1407 1953 talia
1432 1914 1644 1965 leguntur
1665 1916 1706 1952 in
1732 1911 1889 1953 Catulli

341 1985 410 2024 illo
445 1987 566 2023 suavi
602 1994 648 2023 et
680 1985 866 2036 simplici
901 1986 1173 2036 hymenaeo:

343 2080 412 2106 21:
553 2069 625 2119 qui
661 2076 809 2106 natam
845 2068 989 2118 possis
1021 2067 1245 2119 conplexu
1280 2066 1473 2105 avellere
1508 2067 1674 2112 matris,

552 2137 773 2188 conplexu
810 2139 963 2175 matris
996 2139 1266 2175 retinentem
1303 2136 1498 2175 avellere
1533 2143 1680 2174 natam

552 2215 596 2245 et
631 2209 775 2246 iuveni
810 2208 984 2245 ardenti
1017 2214 1186 2246 castam
1224 2207 1392 2245 donare
1427 2206 1616 2258 puellam

341 2290 412 2325 42:
555 2277 674 2316 multi
711 2277 825 2316 illum
862 2279 1000 2328 pueri,
1034 2277 1198 2316 multae
1233 2284 1449 2328 optavere
1483 2276 1677 2328 puellae;

554 2348 668 2385 idem
705 2361 802 2386 cum
840 2349 961 2386 tenui
995 2355 1176 2398 carptus
1211 2347 1418 2385 defloruit
1454 2348 1602 2398 ungui,

554 2417 653 2456 nulli
688 2417 801 2456 illum
839 2419 975 2468 pueri,
1010 2417 1152 2456 nullae
1187 2424 1404 2468 optavere
1438 2416 1628 2468 puellae.

342 2500 412 2535 =33:
554 2488 668 2525 lianc
703 2487 804 2525 nulli
839 2487 1076 2537 agricolae,
1111 2487 1213 2526 nulli
1248 2486 1428 2525 coluere
1462 2487 1656 2528 iuvenci:

553 2564 597 2595 at
631 2558 663 2595 si
699 2557 813 2595 forte
848 2558 1004 2596 eadem
1041 2564 1111 2596 est
1145 2557 1261 2596 ulmo
1295 2558 1534 2596 coniuncta
1570 2557 1739 2601 marito,

553 2627 674 2666 multi
710 2627 822 2665 illam
859 2627 1097 2678 agricolae,
1136 2627 1255 2666 multi
1291 2627 1470 2666 coluere
1505 2627 1690 2665 iuvenci.

340 2707 446 2747 Cum
491 2709 588 2747 talis
628 2711 837 2760 repetitio
871 2711 911 2747 in
947 2711 1144 2748 carmine
1179 2712 1244 2758 64.
1279 2708 1416 2747 multo
1458 2708 1659 2759 longiore
1700 2720 1786 2746 non
1827 2707 1888 2745 in-

342 2780 554 2821 veniatur.
590 2779 790 2816 videmus
824 2793 920 2817 eam
959 2781 1172 2831 imprimis
1205 2779 1448 2818 carminum
1484 2778 1683 2816 suavium
1711 2783 1756 2815 et
1787 2777 1887 2815 sim-

340 2848 534 2898 plicium,
592 2862 707 2900 quae
753 2863 778 2887 a
823 2850 987 2900 populo
1039 2850 1358 2895 cantabantur,
1418 2861 1504 2886 non
1558 2848 1707 2899 poesis
1758 2847 1887 2885 nimis
