2222 3417
863 259 1153 297 —37—

235 379 385 405 corum
434 380 487 405 eo
537 365 763 412 disserunt,
809 365 930 416 quod
977 366 1018 402 in
1065 365 1131 403 his
1169 365 1430 414 saepissime
1474 362 1638 414 aliquid
1682 375 1780 401 cum

234 437 537 488 compluribus
576 438 728 475 rebus.
776 449 890 487 quae
931 436 1144 473 membris
1183 434 1444 485 aequalibus
1484 434 1782 477 enuntiantur,

233 513 532 557 comparatur,
567 520 654 558 qua
683 520 730 545 re
759 507 930 544 animus
958 506 998 543 in
1025 505 1180 543 eadem
1206 518 1255 542 re
1280 505 1443 542 morari
1469 503 1782 541 iucundissime

233 577 422 622 iubetur,
455 578 495 615 in
533 577 610 615 illis
644 576 739 615 fere
774 589 1029 627 numquam,
1064 588 1118 613 ne
1149 575 1345 613 narratio
1370 573 1547 624 longius
1570 573 1783 612 tardetur.

234 645 325 685 Sed
360 647 471 685 haec
506 660 594 685 non
629 647 721 685 sola
755 659 890 685 causa
924 652 1004 684 est.
1057 645 1180 683 Talia
1205 646 1319 683 enim
1348 645 1560 691 membra,
1594 656 1778 695 quorum

232 717 409 767 singula
449 718 588 756 verba
628 718 711 755 sibi
750 716 881 768 plane
915 716 1211 767 respondent,
1250 716 1494 754 carminum
1533 714 1782 764 antiquissi-

234 799 405 825 morum
447 793 493 825 et
532 789 712 826 minime
753 788 985 826 doctorum
1027 799 1115 824 non
1156 785 1295 824 solum
1339 785 1459 835 apud
1498 782 1699 823 Graecos
1738 790 1783 821 et

234 856 479 903 Romanos,
513 858 592 896 sed
627 859 760 896 etiam
788 858 905 908 apud
930 856 1037 894 alios
1059 855 1249 907 populos
1273 856 1453 906 propria
1475 867 1572 892 esse
1597 854 1780 892 Norden

232 929 274 965 in
297 927 407 966 libro
431 929 506 979 qui
526 929 797 967 inscribitur:
827 927 911 965 Die
935 928 1085 965 antike
1109 925 1397 976 Kunstprosa
1417 925 1466 971 H,
1489 938 1529 976 p.
1552 926 1781 973 813—824

233 997 536 1048 compluribus
560 998 779 1049 exemplis
805 998 966 1036 docuit.
999 997 1220 1047 Imprimis
1244 1001 1397 1035 nostra
1419 996 1607 1033 interest
1630 995 1781 1032 videre

232 1069 431 1106 carmina
454 1069 685 1119 popularia
708 1068 1016 1106 Romanorum
1043 1072 1089 1104 et
1113 1065 1403 1109 Graecorum,
1436 1078 1551 1116 quae
1576 1066 1669 1102 sine
1699 1063 1782 1102 ulla

233 1151 372 1189 opera
399 1139 504 1176 artis
531 1138 783 1176 rhetoricae
813 1143 909 1176 orta
936 1143 1050 1182 sunt,
1073 1136 1189 1175 haud
1211 1149 1312 1174 raro
1335 1135 1447 1173 illam
1474 1136 1778 1186 symmetriam

233 1209 550 1253 membrorum,
584 1209 716 1246 etiam
751 1208 902 1246 verbis
934 1208 1102 1258 pariter
1135 1207 1402 1245 cadentibus
1432 1211 1622 1251 auctam,
1655 1218 1782 1256 prae-

233 1279 354 1318 bere.
416 1278 463 1316 In
499 1292 602 1329 pag.
635 1281 824 1329 Szosqq.
857 1277 1043 1316 Norden
1077 1278 1275 1315 carmina
1311 1277 1490 1326 magica
1521 1274 1779 1313 Latinorum

233 1361 287 1386 ea
320 1349 593 1400 aequalitate
629 1356 785 1387 ornata
821 1348 1026 1392 laudavit,
1061 1348 1103 1385 in
1136 1359 1240 1398 pag.
1265 1349 1344 1385 822
1360 1359 1424 1397 sq.
1448 1345 1656 1396 exempla
1679 1358 1782 1383 con-

233 1419 457 1457 cinnitatis
497 1432 520 1457 e
562 1417 748 1458 Graecis
787 1418 1058 1457 carminibus
1098 1417 1386 1468 popularibus
1420 1416 1628 1460 collecta;
1669 1416 1781 1453 haec

233 1490 430 1527 carmina
464 1491 743 1540 potissimum
779 1490 906 1527 nobis
939 1488 1222 1539 respicienda
1254 1493 1375 1533 sunt,
1415 1486 1777 1537 quandoquidem

232 1560 381 1609 poesis
420 1559 624 1598 bucolica
666 1561 783 1597 inter
822 1557 1022 1598 Graecos
1062 1557 1268 1596 adolevit.
1335 1557 1458 1594 Inter
1503 1570 1554 1594 ea
1601 1556 1783 1594 maximi

233 1630 449 1668 momenti
491 1643 589 1668 esse
629 1630 838 1668 videntur
876 1629 1079 1667 membra
1121 1626 1373 1679 aequabilia
1406 1633 1451 1664 et
1484 1627 1782 1677 congruentia

233 1698 343 1737 illius
377 1701 585 1738 carminis
616 1699 783 1738 Rhodii
817 1713 841 1737 a
870 1700 1019 1750 pueris
1052 1700 1213 1749 stipem
1249 1698 1520 1748 cogentibus
1553 1696 1781 1744 cantati;1)

234 1782 381 1820 neque
418 1770 580 1808 desunt
613 1769 694 1808 alia
729 1769 938 1820 exempla
971 1769 1070 1807 talis
1103 1769 1412 1820 symmetriae,
1452 1765 1535 1805 etsi
1570 1767 1781 1804 homoeo-

235 1839 405 1878 teleuto
430 1846 597 1885 carent
631 1841 673 1878 in
699 1839 893 1890 reliquiis
917 1845 1006 1877 tam
1034 1839 1209 1889 exiguis
1233 1838 1477 1876 carminum
1503 1836 1778 1887 popularium

235 1907 509 1948 Graecorum
546 1910 727 1999 (Bergk,
751 1910 773 1948 l.
796 1909 819 1948 l.
824 1923 894 1961 ,.p
920 1910 1142 1960 654Sqq.)t

578 1985 589 2000 ’Ζ
916 1984 924 1998 l
1091 1982 1111 2014 3
1141 1983 1165 2014 ,4
1274 1982 1283 1996 1
1367 1982 1378 1997 ⁴3
1450 1980 1460 1995 3

233 1984 526 2054 frg.19:71¹0i7
548 2019 621 2055 μοι
642 2003 688 2042 τὰ
712 1985 837 2054 9⁶6⁴&OE
871 2007 953 2042 ποῦ
975 1984 1047 2054 ,aba
1069 2001 1116 2040 τὰ
1139 2003 1198 2046 ἷα;
1231 2004 1313 2040 ποῦ
1335 2016 1407 2052 μοι
1429 1999 1475 2038 τὰ
1499 1999 1604 2039 καλα
1628 1999 1780 2041 σέλινας

444 2078 533 2136 ταιόὶ
566 2079 611 2136 zi)
646 2097 764 2149 ῥόδα,
798 2096 888 2136 ταὸὶ
919 2078 966 2135 To
1000 2076 1051 2136 ἴέι.
1084 2076 1173 2134 ταιόὶ
1205 2077 1251 2133 rii
1284 2074 1391 2133 >eald
1425 2093 1570 2133 σέλινα.

233 2189 319 2241 frg.
342 2204 412 2240 39:
445 2171 553 2230 olrlov
585 2172 627 2230 ἐν
657 2171 779 2243 πηῧλῷ
811 2190 978 2242 (ptisana
1009 2187 1012 2243 Ι
1041 2169 1179 2241 τὴνιόὲ
1211 2169 1363 2239 κριιιῖὴν
1396 2169 1438 2226 ἐν
1469 2167 1591 2231 mdiv,

237 2285 309 2322 ubi
335 2297 442 2322 sane
466 2285 617 2331 verba,
645 2297 760 2334 quae
784 2284 864 2321 sibi
889 2283 1178 2334 respondent,
1206 2282 1406 2332 graviter
1430 2282 1635 2331 opposita
1659 2286 1779 2318 sunt:

237 2354 430 2405 denique
464 2367 551 2392 non
586 2354 978 2405 praetermittendi
1012 2358 1115 2391 sunt
1147 2352 1190 2390 hi
1224 2364 1396 2390 versus:

962 2427 973 2442 3
1129 2426 1137 2441 1
1250 2427 1261 2441 *ὲ
1404 2425 1414 2439 ³

517 2429 525 2443 l
632 2429 643 2444 2
787 2427 797 2442 3

235 2447 320 2499 frg.
342 2461 413 2496 42:
448 2447 569 2493 Δέξαι
601 2447 674 2486 τάν
706 2446 872 2498 ἀγαθὰν
902 2447 1042 2497 τύχαν,
1076 2446 1188 2491 δέξαι
1219 2445 1292 2483 τὰν
1327 2445 1488 2495 ὑγίειαν,

446 2530 497 2568 ἂν
528 2530 712 2580 φέρομεν
742 2527 857 2580 παρὰ
890 2531 959 2571 τᾶς
990 2528 1106 2572 «θεοῦ,
1139 2528 1189 2566 ἂν
1222 2526 1468 2565 ἐκαλέσσατο
1500 2525 1612 2576 τῆνα,

237 2624 311 2675 qui
354 2624 596 2674 praecipue
643 2623 698 2660 ad
737 2623 852 2660 hanc
896 2622 1207 2672 quaestionem
1253 2625 1499 2670 propterea
1542 2618 1782 2668 pertinent,

238 2694 356 2745 quod
391 2706 488 2731 cum
526 2694 697 2743 origine
731 2692 880 2743 poesis
913 2690 1143 2729 bucolicae
1178 2702 1255 2727 eos
1289 2689 1509 2727 artissime
1537 2686 1781 2725 cohaerere

236 2765 317 2802 viri
362 2763 481 2802 docti
526 2763 695 2813 antiqui
747 2762 922 2813 quidem
978 2760 1239 2798 censebant.
1286 2782 1337 2786 —
1384 2756 1475 2796 Sed
1524 2756 1780 2806 fragmenta

357 2867 382 2908 ¹)
410 2866 574 2908 Bergk,
602 2866 741 2898 Poetae
769 2865 884 2907 Lyrici
904 2863 1066 2901 Graeci&
1096 2863 1240 2905 Lipsiae
1266 2864 1362 2899 1882,
1390 2861 1449 2899 ΙΙΙ,
1476 2872 1509 2902 p.
1530 2867 1613 2900 071:
1642 2868 1782 2895 versus,

239 2926 298 2969 qui
325 2926 369 2957 ad
396 2926 490 2957 hanc
516 2935 591 2957 rem
618 2925 810 2966 pertinent,
836 2923 1032 2960 Norden,
1060 2922 1080 2954 l.
1100 2922 1133 2960 1.,
1160 2920 1362 2962 exscripsit.
