2222 3417
881 250 1205 286 —118—

269 363 343 401 ubi
374 363 535 402 verba:
581 364 682 413 „vix
715 364 888 403 ossibus
919 364 1135 403 haerent“
1172 378 1254 416 pro
1288 367 1520 406 enuntiato
1554 367 1820 407 secundario

266 433 413 483 posita
445 439 568 479 sunt;

298 521 334 555 2,
351 511 422 557 36:
478 508 557 548 Est
590 509 696 548 mihi
718 541 726 548 .
749 541 758 548 .
780 541 788 549 .
813 508 960 548 fistula
981 541 990 550 .
1013 541 1021 550 .
1044 541 1053 550 .

480 586 722 631 praeterea
755 581 843 619 duo
877 593 962 619 nec
993 586 1092 620 tuta
1126 582 1231 621 mihi
1262 581 1377 621 valle
1409 583 1579 634 reperti

480 649 689 701 capreoli,
722 652 888 702 sparsis
921 652 1054 690 etiam
1092 665 1210 691 nunc
1243 651 1432 704 pellibus
1465 652 1586 699 albo;

478 720 586 759 bina
619 720 689 759 die
722 722 897 760 siccant
929 723 1022 760 ovis
1055 722 1215 768 ubera;
1251 735 1363 774 quos
1396 723 1476 761 tibi
1508 735 1653 762 servo.

268 796 343 834 ubi
380 797 529 847 potius
568 796 724 848 aliquis
764 798 949 836 miretur
987 811 1046 836 ex
1084 798 1168 838 hoc
1208 804 1414 837 extremo
1458 799 1690 837 enuntiato
1729 811 1818 837 non

268 867 407 904 verba
440 867 763 917 praecedentia
795 868 1017 918 pendere;
1051 868 1202 907 similis
1235 874 1304 907 est
1330 869 1401 908 hic
1425 868 1549 907 locus
1571 867 1819 907 Theocriti:

299 954 452 990 5,104:
479 942 559 981 ἔστι
592 942 638 981 δέ
667 957 739 994 μοι
773 943 924 994 γαυλὸς
954 944 1261 994 κυπαρίσσινος,
1294 945 1373 984 ἔστι
1405 944 1450 984 δὲ
1481 945 1653 996 κρατήρ,

480 1013 602 1063 ἔργον
633 1011 996 1066 Πραξιτέλευς·τᾷ
1026 1013 1142 1053 παιδὶ
1174 1012 1219 1053 δὲ
1248 1017 1374 1053 ταῦτα
1406 1013 1619 1066 φυλάσσω.

269 1087 431 1126 deinde
465 1087 729 1127 conferendi
761 1095 866 1128 sunt
896 1089 941 1128 hi
972 1102 1146 1128 versus:

301 1176 335 1212 3.
355 1176 425 1214 70:
479 1161 611 1214 Quod
643 1167 781 1216 potui,
813 1178 954 1216 puero
988 1165 1178 1205 silvestri
1212 1179 1271 1205 ex
1303 1167 1464 1205 arbore
1498 1165 1616 1205 lecta

481 1247 617 1273 aurea
649 1235 765 1274 mala
799 1235 955 1274 decem
990 1237 1106 1282 misi:
1141 1249 1240 1275 cras
1273 1236 1415 1275 altera
1447 1237 1636 1274 mittam.

269 1323 358 1363 quo
389 1310 486 1350 loco
517 1311 602 1350 hoc
633 1312 911 1350 enuntiatum
944 1311 1200 1351 adiunctum
1234 1325 1453 1351 summam
1479 1325 1578 1350 esse
1607 1325 1664 1351 ex
1688 1312 1821 1352 versi-

267 1381 352 1420 bus
387 1383 514 1433 68sq.
547 1381 786 1427 concludo:
822 1382 925 1420 addi
958 1383 1092 1420 etiam
1126 1388 1280 1433 potest
1313 1382 1384 1421 hic
1418 1382 1559 1421 locus:

300 1471 336 1506 5,
356 1470 425 1507 79:
484 1464 531 1496 ut
562 1457 744 1496 Baccho
779 1455 1035 1509 Cererique,
1068 1459 1148 1496 tibi
1180 1459 1243 1497 sic
1276 1465 1383 1498 vota
1415 1460 1657 1510 quotannis

481 1527 708 1578 agricolae
742 1527 930 1574 facient;
965 1528 1200 1567 damnabis
1233 1534 1279 1567 tu
1314 1541 1495 1580 quoque
1529 1530 1656 1568 votis.

270 1604 344 1642 ubi
378 1603 620 1654 hypotaxis
642 1610 807 1655 poetae
839 1616 892 1642 eo
917 1605 1062 1655 magis
1091 1618 1140 1643 se
1165 1604 1335 1651 obtulit,
1369 1604 1489 1657 quod
1512 1605 1629 1643 idem
1656 1617 1822 1644 nomen

273 1676 430 1723 ‚,vota“
467 1675 509 1712 in
545 1680 736 1725 utroque
770 1675 1002 1712 enuntiato
1037 1674 1283 1713 adhibitum
1320 1680 1407 1714 est:
1443 1674 1608 1713 similes
1641 1686 1822 1726 quoque

269 1751 373 1782 sunt
406 1745 447 1782 hi
481 1757 656 1783 versus:

275 1832 427 1868 10,52:
484 1827 655 1859 certum
692 1827 759 1858 est
791 1821 834 1858 in
868 1820 986 1859 silvis
1019 1821 1137 1858 inter
1168 1820 1350 1871 spelaea
1384 1819 1578 1859 ferarum

485 1889 614 1928 malle
648 1891 742 1941 pati
775 1891 1035 1942 tenerisque
1069 1903 1195 1929 meos
1227 1890 1424 1928 incidere
1459 1903 1637 1929 amores

483 1961 734 1999 arboribus:
770 1967 978 1999 crescent
1009 1959 1120 2005 illae,
1153 1961 1369 1999 crescetis
1402 1972 1590 1999 amores.

389 2035 500 2075 Tum
538 2035 762 2087 Vergilius
807 2037 848 2074 in
897 2037 963 2074 his
1005 2035 1226 2075 Bucolicis
1271 2035 1540 2087 compluries
1581 2035 1824 2087 particulas

271 2107 549 2158 copulativas
593 2114 675 2156 ‚‚et,
715 2113 864 2158 atque,
903 2110 1017 2158 que*
1061 2107 1117 2145 ad
1157 2107 1390 2145 enuntiata
1432 2106 1626 2158 quadam
1660 2105 1823 2157 simpli-

271 2178 408 2216 citate
427 2189 573 2229 aequo
593 2177 747 2215 ordine
768 2177 1084 2228 coniungenda
1104 2177 1316 2220 adhibuit,
1340 2177 1500 2227 quibus
1520 2175 1626 2214 locis
1648 2177 1822 2214 ratione

271 2247 418 2299 logica
457 2249 605 2299 potius
645 2248 885 2298 hypotaxis
924 2246 1237 2298 postularetur.
1299 2244 1649 2297 Nonnumquam
1684 2257 1823 2284 mem-

271 2319 397 2356 brum
430 2319 479 2355 iis
509 2318 897 2356 coniunctionibus
926 2316 1148 2355 adnexum
1181 2329 1263 2368 pro
1293 2317 1526 2354 enuntiato
1555 2315 1822 2354 secundario

272 2389 465 2439 positum
501 2400 600 2426 esse
635 2388 822 2433 videtur,
856 2387 929 2426 cf.:

304 2476 430 2513 3‚32:
486 2463 556 2502 De
590 2476 737 2515 grege
772 2476 857 2502 non
895 2463 1031 2501 ausim
1068 2463 1305 2514 quicquam
1344 2461 1574 2512 deponere
1608 2466 1778 2500 tecum:

486 2541 552 2572 est
588 2534 691 2571 mihi
726 2546 920 2584 namque
956 2533 1075 2571 domi
1108 2539 1249 2583 pater,
1282 2537 1352 2570 est
1385 2532 1546 2569 iniusta
1579 2543 1786 2578 noverca,

487 2605 664 2655 bisque
700 2604 769 2641 die
804 2610 1042 2641 numerant
1075 2603 1208 2641 ambo
1242 2614 1392 2654 pecus,
1426 2600 1539 2639 alter
1563 2606 1610 2638 et
1642 2600 1825 2639 haedos.

274 2682 315 2718 in
351 2693 438 2732 qua
476 2693 524 2719 re
559 2679 785 2731 Vergilius
827 2679 943 2718 hunc
982 2678 1126 2718 locum
1162 2677 1478 2717 Theocriteum
1520 2682 1701 2715 secutus
1735 2681 1822 2717 est:

305 2759 340 2799 8,
364 2769 430 2804 15:
486 2756 536 2796 οὗ
569 2756 693 2808 θησῶ
724 2770 838 2795 ποκα
871 2755 1014 2807 ἀμνόν.
1048 2754 1132 2794 ἐπεὶ
1164 2753 1343 2807 χαλεπὸς
1374 2753 1397 2791 ὁ
1429 2753 1564 2804 πατήρ
1595 2766 1674 2803 μευ

485 2825 538 2877 χὰ
569 2826 717 2877 μάτηρ,
750 2825 796 2864 τὰ
830 2824 879 2865 ὁὲ
909 2824 1022 2877 μᾶλα
1053 2825 1296 2874 ποθέσπερα
1327 2822 1443 2862 πάντ’
1471 2822 1721 2874 ἀριθμεῦντι.

275 2902 438 2940 deinde
475 2903 542 2941 hic
577 2901 699 2941 locus
733 2901 988 2940 afferendus
1021 2907 1108 2939 est:
