2253 3443
949 248 1208 284 -g—

314 363 400 402 duo
450 363 534 401 stili
584 362 775 401 bucolici
824 363 1002 413 propria
1055 362 1385 407 describuntur,
1429 363 1452 400 i.
1487 376 1522 400 e.
1568 363 1762 400 tenuitas
1807 368 1853 399 et

311 433 557 480 suavitas.1)
609 431 701 472 Sed
730 432 969 478 videamus,
1002 432 1108 483 quid
1135 431 1259 470 Maro
1287 432 1382 482 ipse
1411 431 1572 469 dixerit
1598 432 1654 470 de
1680 444 1852 483 genere

312 502 489 540 dicendi
516 502 787 553 eclogarum.
840 500 1029 552 Saepius
1057 502 1286 540 admonuit
1313 501 1423 539 haec
1451 503 1648 539 carmina
1674 501 1853 540 humilia

313 574 461 610 tenuia
484 585 588 624 qum
613 573 744 610 etiam
770 573 935 610 rustica
959 584 1075 610 esse:
1103 571 1157 610 cf.
1181 571 1229 610 Β.
1255 585 1289 620 3,
1314 573 1386 618 84:
1416 584 1452 619 4,
1477 583 1519 615 2;
1549 574 1584 615 o,
1614 584 1727 623 1sq.;
1757 574 1792 616 6,
1818 585 1853 620 5.

312 643 375 680 At
399 642 680 680 nihilominus
704 642 819 680 hanc
842 642 1012 692 poesim
1039 654 1126 679 non
1152 641 1364 680 mediocri
1389 641 1517 679 laude
1542 641 1724 692 dignam
1754 654 1852 680 esse

311 713 381 754 ait,
407 711 525 750 velut
548 710 597 749 B.
622 714 658 757 ὁ,
683 724 872 760 27—30:
904 713 941 757 8,
966 724 1115 762 2sqq.;
1141 724 1177 761 9,
1202 713 1274 760 38:
1302 724 1337 760 5,
1361 714 1541 762 4osqq.;
1572 725 1608 760 5,
1633 711 1853 764 81sqq.;²)

310 783 523 833 imprimis
555 795 662 820 vero
696 782 780 819 hae
815 781 968 819 laudes
1002 782 1043 819 in
1079 781 1239 833 ecloga
1272 794 1308 830 5.
1335 782 1605 820 carminibus
1635 781 1779 833 Mopsi
1808 791 1854 820 et

311 851 543 890 Menalcae
566 853 760 890 tributae
790 853 916 891 nobis
944 852 1368 890 commemorandae
1396 858 1510 897 sunt,
1543 864 1642 890 cum
1671 853 1720 890 iis
1748 852 1854 891 locis

311 922 422 959 haec
473 923 621 972 poesis
671 929 959 972 comparetur
1003 935 1100 960 cum
1148 923 1284 961 rebus
1329 935 1416 961 non
1461 929 1549 960 tam
1598 923 1764 961 sanctis
1809 930 1855 960 et

312 990 562 1042 magnificis
595 1004 726 1043 quam
763 992 964 1030 iucundis
991 998 1038 1030 et
1064 993 1281 1030 amoenis:
1314 1004 1414 1030 cum
1443 993 1593 1043 quiete
1622 998 1668 1030 et
1694 992 1852 1030 haustu

311 1074 454 1112 aquae
478 1061 680 1113 frigidae,
709 1074 807 1100 cum
834 1061 960 1100 sibilo
985 1063 1132 1107 austri,
1159 1063 1347 1113 strepitu
1373 1062 1601 1108 undarum,
1630 1075 1852 1101 murmure

310 1130 552 1171 fluminum.
604 1130 930 1183 Cognoscimus
968 1133 1104 1183 igitur
1126 1131 1393 1184 Vergilium,
1439 1133 1480 1171 id
1527 1132 1647 1184 quod
1692 1131 1854 1172 Graeci

309 1203 591 1251 grammatici
620 1203 676 1240 de
701 1201 941 1241 Theocrito
970 1203 1208 1248 docebant,
1242 1203 1282 1241 id
1310 1203 1543 1245 studuisse,
1574 1210 1620 1241 ut
1643 1202 1853 1241 Bucolica

309 1280 354 1309 et
388 1272 591 1310 modesta
625 1272 931 1324 simpliciaque
966 1280 1118 1311 essent
1144 1279 1190 1311 et
1216 1286 1425 1311 sermone
1454 1273 1569 1311 dulci
1599 1273 1854 1324 legentibus

310 1341 553 1392 placerent.
608 1341 900 1394 Quantopere
929 1343 1013 1381 hoc
1041 1344 1080 1381 ei
1108 1344 1362 1394 contigerit,
1396 1356 1476 1381 nos
1500 1343 1666 1381 docent
1688 1351 1853 1394 poetae

309 1412 534 1462 aequales,
567 1412 621 1451 cf.
647 1412 816 1451 Horatii
842 1421 921 1452 sat.
944 1413 973 1456 Ι.
1002 1426 1062 1459 10,
1086 1427 1157 1462 44:

942 1507 1098 1546 molle
1133 1514 1268 1559 atque
1302 1507 1534 1546 facetum

554 1574 754 1628 Vergilio
790 1577 1043 1616 adnuerunt
1075 1577 1330 1629 gaudentes
1362 1590 1463 1616 rure
1487 1574 1726 1616 Camenae.

308 1677 353 1708 et
372 1668 439 1708 Ps.
451 1669 635 1721 Vergilii
651 1667 917 1721 Catalepton
935 1669 1036 1715 XV,
1058 1684 1089 1716 1,
1113 1684 1201 1722 quo
1226 1672 1555 1722 epigrammate
1581 1671 1635 1709 de
1652 1669 1854 1722 Vergilio

308 1741 471 1790 agitur:

555 1798 673 1837 Vate
707 1797 946 1850 Syracosio
981 1800 1054 1850 qui
1088 1799 1292 1838 dulcior
1328 1798 1617 1850 Hesiodoque

624 1870 783 1913 maior,
816 1868 1047 1908 Homereo
1082 1882 1169 1908 non
1205 1871 1348 1908 minor
1382 1882 1457 1908 ore
1491 1868 1584 1907 fuit.

311 1962 554 2014 Vergilium
576 1962 772 2009 artificia,
788 1964 948 2014 quibus
967 1976 1063 2002 eam
1085 1964 1352 2002 suavitatem
1373 1969 1603 2002 assecutus
1622 1969 1701 2008 est,
1717 1963 1855 2001 maxi-

310 2046 425 2071 mam
451 2041 639 2084 partem,
662 2034 870 2085 quoniam
896 2033 1020 2072 stilus
1044 2035 1263 2072 artissime
1287 2046 1386 2072 cum
1411 2046 1583 2085 genere
1607 2032 1852 2071 litterarum

308 2116 540 2142 connexus
570 2112 655 2149 est,
692 2117 749 2142 ex
780 2103 1007 2142 Theocriti
1037 2105 1284 2143 imitatione
1315 2105 1545 2155 accepisse
1577 2116 1662 2142 non
1698 2104 1851 2141 mirum

309 2182 388 2212 est.
442 2173 533 2213 Sed
556 2187 672 2225 quae
696 2181 799 2213 sunt
824 2175 936 2213 haec
960 2173 1145 2212 artificia
1168 2175 1356 2221 dicendi,
1390 2175 1550 2225 quibus
1579 2187 1633 2212 ea
1660 2174 1855 2212 tenuitas

309 2252 353 2282 et
383 2245 579 2283 suavitas
613 2245 859 2296 granditati
889 2244 1071 2283 aliorum
1102 2251 1360 2296 poematum
1388 2245 1610 2283 contraria
1641 2243 1855 2282 efficitur?

313 2313 470 2352 Eorum
507 2315 727 2366 quaedam
763 2315 920 2353 saltem
958 2315 1302 2366 deprehendere
1336 2315 1547 2354 conabor.

427 2443 450 2483 ¹)
480 2441 580 2474 Haec
608 2443 736 2474 verba:
766 2440 890 2487 χάριν.
918 2439 1060 2479 κάλλος,
1095 2442 1150 2474 cui
1178 2443 1293 2474 verbo
1320 2442 1465 2484 quidem
1495 2440 1711 2482 significatio
1739 2440 1856 2471 minus

309 2506 407 2532 certa
433 2506 490 2532 est
517 2500 574 2541 (cs.
601 2500 638 2532 P.
659 2500 1012 2543 (jeigenmiiller.v
1040 2498 1289 2541 Quaestiones
1315 2499 1564 2543 Dionysianae
1591 2499 1637 2531 de
1666 2498 1856 2531 vocabulis

310 2558 393 2589 artis
418 2559 574 2590 criticae.
615 2558 710 2591 Diss.
731 2558 825 2601 Lips.
851 2560 947 2598 1908,
967 2569 1073 2601 pagg.
1095 2568 1136 2599 3ο
1147 2563 1228 2601 sq.)‚
1259 2558 1389 2602 τέρπει,
1419 2555 1491 2603 ἤδει
1517 2569 1588 2590 non
1608 2558 1726 2589 miuus
1744 2557 1855 2600 respi-

310 2617 439 2648 cienda
466 2627 550 2649 csse
578 2628 716 2649 censeo
743 2628 849 2659 quam
878 2617 1126 2660 metaphoram
1154 2614 1331 2662 ἀνθηρόν.

425 2676 450 2716 ²)
479 2676 559 2707 Non
594 2676 717 2707 mirum
752 2682 807 2708 est
836 2676 1049 2717 Vergilium,
1083 2686 1163 2708 cum
1197 2681 1323 2719 aperte
1356 2676 1573 2708 carminibus
1605 2675 1680 2707 suis
1711 2674 1854 2717 gloriari

311 2734 432 2772 nollet,
460 2734 514 2766 liis
541 2735 707 2767 laudibus
734 2735 848 2767 solum
877 2740 999 2778 partes
1025 2735 1233 2776 eclogarum
1254 2745 1274 2766 a
1293 2735 1458 2777 personis
1483 2738 1648 2766 cantatas
1666 2733 1855 2765 extulisse.
