<?xml version="1.0" encoding="UTF-8"?>
<!DOCTYPE html PUBLIC "-//W3C//DTD XHTML 1.0 Transitional//EN"
    "http://www.w3.org/TR/xhtml1/DTD/xhtml1-transitional.dtd">
<html xmlns="http://www.w3.org/1999/xhtml" xml:lang="en" lang="en">
 <head>
  <title>
</title>
<meta http-equiv="Content-Type" content="text/html;charset=utf-8" />
  <meta name='ocr-system' content='tesseract 3.04.00' />
  <meta name='ocr-capabilities' content='ocr_page ocr_carea ocr_par ocr_line ocrx_word'/>
</head>
<body>
  <div class='ocr_page' id='page_1' title='image "./devergiliistilob00gimmuoft_0096.png"; bbox 0 0 2222 3417; ppageno 0'>
   <div class='ocr_carea' id='block_1_1' title="bbox 966 243 1256 280">
    <p class='ocr_par' dir='ltr' id='par_1_1' title="bbox 966 243 1256 280">
     <span class='ocr_line' id='line_1_1' title="bbox 966 243 1256 280; baseline 0.003 -22"><span class='ocrx_word' id='word_1_1' title='bbox 966 243 1256 280; x_wconf 65' lang='lat'>-92-</span> 
     </span>
    </p>
   </div>
   <div class='ocr_carea' id='block_1_2' title="bbox 320 345 1884 2925">
    <p class='ocr_par' dir='ltr' id='par_1_2' title="bbox 343 345 1649 402">
     <span class='ocr_line' id='line_1_2' title="bbox 343 345 1649 402; baseline 0.002 -16"><span class='ocrx_word' id='word_1_2' title='bbox 343 360 491 396; x_wconf 84' lang='lat'>11,19:</span> <span class='ocrx_word' id='word_1_3' title='bbox 541 345 590 386; x_wconf 82' lang='grc' dir='ltr'><em>Ὦ</em></span> <span class='ocrx_word' id='word_1_4' title='bbox 620 347 770 387; x_wconf 73' lang='grc' dir='ltr'><em>λευκὰ</em></span> <span class='ocrx_word' id='word_1_5' title='bbox 802 346 1016 393; x_wconf 73' lang='grc' dir='ltr'><em>Γαλάτεια,</em></span> <span class='ocrx_word' id='word_1_6' title='bbox 1047 348 1084 386; x_wconf 82' lang='grc' dir='ltr'>τί</span> <span class='ocrx_word' id='word_1_7' title='bbox 1111 347 1181 387; x_wconf 84' lang='grc' dir='ltr'>τὸν</span> <span class='ocrx_word' id='word_1_8' title='bbox 1213 348 1388 400; x_wconf 76' lang='grc' dir='ltr'><em>φιλέοντ’</em></span> <span class='ocrx_word' id='word_1_9' title='bbox 1422 349 1649 402; x_wconf 75' lang='grc' dir='ltr'><em>ἀποβάλλῃ,</em></span> 
     </span>
    </p>

    <p class='ocr_par' dir='ltr' id='par_1_3' title="bbox 334 417 1884 775">
     <span class='ocr_line' id='line_1_3' title="bbox 545 417 1677 471; baseline 0.003 -15"><span class='ocrx_word' id='word_1_10' title='bbox 545 417 818 468; x_wconf 72' lang='grc' dir='ltr'><em>λευκοτὲρα</em></span> <span class='ocrx_word' id='word_1_11' title='bbox 849 422 1008 462; x_wconf 79' lang='grc' dir='ltr'><em>πακτᾶς</em></span> <span class='ocrx_word' id='word_1_12' title='bbox 1038 418 1226 464; x_wconf 81' lang='grc' dir='ltr'><em>ποτιὸεῖν,</em></span> <span class='ocrx_word' id='word_1_13' title='bbox 1260 418 1507 470; x_wconf 78' lang='grc' dir='ltr'><em>ἁπαλωτέρα</em></span> <span class='ocrx_word' id='word_1_14' title='bbox 1539 420 1677 471; x_wconf 80' lang='grc' dir='ltr'><em>ἅρνος,</em></span> 
     </span>
     <span class='ocr_line' id='line_1_4' title="bbox 337 499 1884 553; baseline 0.003 -15"><span class='ocrx_word' id='word_1_15' title='bbox 337 501 409 551; x_wconf 85' lang='lat' dir='ltr'>qui</span> <span class='ocrx_word' id='word_1_16' title='bbox 438 499 533 546; x_wconf 82' lang='lat' dir='ltr'>loci,</span> <span class='ocrx_word' id='word_1_17' title='bbox 567 500 685 551; x_wconf 84' lang='lat' dir='ltr'>quod</span> <span class='ocrx_word' id='word_1_18' title='bbox 719 499 894 551; x_wconf 83' lang='lat' dir='ltr'>singula</span> <span class='ocrx_word' id='word_1_19' title='bbox 926 506 1098 538; x_wconf 84' lang='lat' dir='ltr'>tantum</span> <span class='ocrx_word' id='word_1_20' title='bbox 1134 502 1275 539; x_wconf 86' lang='lat' dir='ltr'>verba</span> <span class='ocrx_word' id='word_1_21' title='bbox 1306 507 1584 551; x_wconf 86' lang='lat' dir='ltr'>repetuntur,</span> <span class='ocrx_word' id='word_1_22' title='bbox 1618 503 1779 553; x_wconf 85' lang='lat' dir='ltr'>quibus</span> <span class='ocrx_word' id='word_1_23' title='bbox 1811 502 1884 542; x_wconf 86' lang='lat' dir='ltr'>ali-</span> 
     </span>
     <span class='ocr_line' id='line_1_5' title="bbox 335 569 1883 622; baseline 0.003 -15"><span class='ocrx_word' id='word_1_24' title='bbox 335 570 441 620; x_wconf 88' lang='lat' dir='ltr'>quid</span> <span class='ocrx_word' id='word_1_25' title='bbox 474 570 668 615; x_wconf 81' lang='lat' dir='ltr'>additur,</span> <span class='ocrx_word' id='word_1_26' title='bbox 701 583 798 609; x_wconf 92' lang='lat' dir='ltr'>cum</span> <span class='ocrx_word' id='word_1_27' title='bbox 835 570 905 609; x_wconf 92' lang='lat' dir='ltr'>illo</span> <span class='ocrx_word' id='word_1_28' title='bbox 939 570 1056 609; x_wconf 89' lang='lat' dir='ltr'>loco:</span> <span class='ocrx_word' id='word_1_29' title='bbox 1099 569 1148 609; x_wconf 86' lang='lat' dir='ltr'>B.</span> <span class='ocrx_word' id='word_1_30' title='bbox 1171 573 1207 618; x_wconf 86' lang='lat'>8,</span> <span class='ocrx_word' id='word_1_31' title='bbox 1231 583 1358 622; x_wconf 82' lang='lat' dir='ltr'>55sq.</span> <span class='ocrx_word' id='word_1_32' title='bbox 1391 572 1586 610; x_wconf 80' lang='lat' dir='ltr'>maxime</span> <span class='ocrx_word' id='word_1_33' title='bbox 1621 571 1883 611; x_wconf 85' lang='lat' dir='ltr'>conferendi</span> 
     </span>
     <span class='ocr_line' id='line_1_6' title="bbox 334 631 1732 692; baseline 0.001 -15"><span class='ocrx_word' id='word_1_34' title='bbox 334 648 456 684; x_wconf 75' lang='lat' dir='ltr'>sunt:</span> <span class='ocrx_word' id='word_1_35' title='bbox 490 652 588 678; x_wconf 88' lang='lat' dir='ltr'>cum</span> <span class='ocrx_word' id='word_1_36' title='bbox 626 641 790 678; x_wconf 88' lang='lat' dir='ltr'>ceteris</span> <span class='ocrx_word' id='word_1_37' title='bbox 822 641 892 679; x_wconf 89' lang='lat' dir='ltr'>hic</span> <span class='ocrx_word' id='word_1_38' title='bbox 927 642 1071 692; x_wconf 84' lang='lat' dir='ltr'>magis</span> <span class='ocrx_word' id='word_1_39' title='bbox 1103 642 1317 680; x_wconf 88' lang='lat' dir='ltr'>concinit:</span> <span class='ocrx_word' id='word_1_40' title='bbox 1730 631 1732 633; x_wconf 38' lang='grc'><strong><em>’</em></strong></span> 
     </span>
     <span class='ocr_line' id='line_1_7' title="bbox 363 721 1752 775; baseline 0.002 -15"><span class='ocrx_word' id='word_1_41' title='bbox 363 734 400 770; x_wconf 80' lang='grc'>9,</span> <span class='ocrx_word' id='word_1_42' title='bbox 421 735 458 760; x_wconf 93' lang='lat'>1:</span> <span class='ocrx_word' id='word_1_43' title='bbox 544 721 826 768; x_wconf 71' lang='grc' dir='ltr'><em>Βουκολιάζεο</em></span> <span class='ocrx_word' id='word_1_44' title='bbox 859 723 992 774; x_wconf 62' lang='grc' dir='ltr'>Δάᾳηί</span> <span class='ocrx_word' id='word_1_45' title='bbox 1027 735 1033 741; x_wconf 93' lang='grc'>·</span> <span class='ocrx_word' id='word_1_46' title='bbox 1066 722 1111 761; x_wconf 76' lang='grc' dir='ltr'>τί·</span> <span class='ocrx_word' id='word_1_47' title='bbox 1145 722 1180 762; x_wconf 79' lang='grc' dir='ltr'>δ’</span> <span class='ocrx_word' id='word_1_48' title='bbox 1205 722 1338 775; x_wconf 80' lang='grc' dir='ltr'>ᾠὸᾶς</span> <span class='ocrx_word' id='word_1_49' title='bbox 1369 723 1518 774; x_wconf 80' lang='grc' dir='ltr'><em>ἄρχεο</em></span> <span class='ocrx_word' id='word_1_50' title='bbox 1551 727 1752 774; x_wconf 82' lang='grc' dir='ltr'><em>πρᾶτος,</em></span> 
     </span>
    </p>

    <p class='ocr_par' dir='ltr' id='par_1_4' title="bbox 330 792 1882 1214">
     <span class='ocr_line' id='line_1_8' title="bbox 543 792 1705 845; baseline 0.002 -14"><span class='ocrx_word' id='word_1_51' title='bbox 543 792 676 844; x_wconf 82' lang='grc' dir='ltr'>ᾠὸᾶς</span> <span class='ocrx_word' id='word_1_52' title='bbox 707 793 857 845; x_wconf 78' lang='grc' dir='ltr'><em>ἄρχεο</em></span> <span class='ocrx_word' id='word_1_53' title='bbox 889 797 1089 844; x_wconf 62' lang='grc' dir='ltr'><em>κράτος,</em></span> <span class='ocrx_word' id='word_1_54' title='bbox 1123 793 1359 845; x_wconf 76' lang='grc' dir='ltr'><em>ἓφεψάσθω</em></span> <span class='ocrx_word' id='word_1_55' title='bbox 1393 792 1437 832; x_wconf 81' lang='grc' dir='ltr'>δὲ</span> <span class='ocrx_word' id='word_1_56' title='bbox 1471 792 1705 838; x_wconf 62' lang='lat' dir='ltr'>Msva&#39;heag.</span> 
     </span>
     <span class='ocr_line' id='line_1_9' title="bbox 330 872 1882 927; baseline 0.002 -16"><span class='ocrx_word' id='word_1_57' title='bbox 330 872 508 911; x_wconf 76' lang='lat' dir='ltr'>Deinde</span> <span class='ocrx_word' id='word_1_58' title='bbox 544 875 583 911; x_wconf 90' lang='lat' dir='ltr'>in</span> <span class='ocrx_word' id='word_1_59' title='bbox 620 875 668 912; x_wconf 89' lang='lat' dir='ltr'>iis</span> <span class='ocrx_word' id='word_1_60' title='bbox 701 875 971 913; x_wconf 81' lang='lat' dir='ltr'>carminibus</span> <span class='ocrx_word' id='word_1_61' title='bbox 1004 877 1275 914; x_wconf 77' lang='lat' dir='ltr'>imitatorum</span> <span class='ocrx_word' id='word_1_62' title='bbox 1312 875 1556 921; x_wconf 82' lang='lat' dir='ltr'>Theocriti,</span> <span class='ocrx_word' id='word_1_63' title='bbox 1597 888 1713 927; x_wconf 85' lang='lat' dir='ltr'>quae</span> <span class='ocrx_word' id='word_1_64' title='bbox 1749 881 1882 914; x_wconf 83' lang='lat' dir='ltr'>antea</span> 
     </span>
     <span class='ocr_line' id='line_1_10' title="bbox 331 945 1881 996; baseline 0.002 -15"><span class='ocrx_word' id='word_1_65' title='bbox 331 945 670 994; x_wconf 73' lang='lat' dir='ltr'>comparabam,</span> <span class='ocrx_word' id='word_1_66' title='bbox 709 945 794 982; x_wconf 88' lang='lat' dir='ltr'>hoc</span> <span class='ocrx_word' id='word_1_67' title='bbox 827 957 973 994; x_wconf 79' lang='lat' dir='ltr'>genus</span> <span class='ocrx_word' id='word_1_68' title='bbox 1005 946 1286 996; x_wconf 78' lang='lat' dir='ltr'>repetitionis</span> <span class='ocrx_word' id='word_1_69' title='bbox 1320 958 1408 983; x_wconf 88' lang='lat' dir='ltr'>non</span> <span class='ocrx_word' id='word_1_70' title='bbox 1443 946 1760 992; x_wconf 82' lang='lat' dir='ltr'>animadverti;</span> <span class='ocrx_word' id='word_1_71' title='bbox 1800 946 1881 985; x_wconf 90' lang='lat' dir='ltr'>sed</span> 
     </span>
     <span class='ocr_line' id='line_1_11' title="bbox 332 1013 1880 1068; baseline 0.003 -17"><span class='ocrx_word' id='word_1_72' title='bbox 332 1013 418 1052; x_wconf 89' lang='lat' dir='ltr'>duo</span> <span class='ocrx_word' id='word_1_73' title='bbox 453 1014 661 1065; x_wconf 81' lang='lat' dir='ltr'>exempla</span> <span class='ocrx_word' id='word_1_74' title='bbox 696 1013 843 1053; x_wconf 85' lang='lat' dir='ltr'>afferri</span> <span class='ocrx_word' id='word_1_75' title='bbox 876 1023 1065 1066; x_wconf 80' lang='lat' dir='ltr'>possunt</span> <span class='ocrx_word' id='word_1_76' title='bbox 1099 1028 1156 1053; x_wconf 74' lang='lat' dir='ltr'>ex</span> <span class='ocrx_word' id='word_1_77' title='bbox 1190 1015 1258 1053; x_wconf 93' lang='lat' dir='ltr'>illo</span> <span class='ocrx_word' id='word_1_78' title='bbox 1299 1017 1496 1054; x_wconf 76' lang='lat' dir='ltr'>carmine</span> <span class='ocrx_word' id='word_1_79' title='bbox 1531 1015 1720 1065; x_wconf 76' lang='lat' dir='ltr'>Moschi,</span> <span class='ocrx_word' id='word_1_80' title='bbox 1760 1016 1880 1068; x_wconf 86' lang='lat' dir='ltr'>quod</span> 
     </span>
     <span class='ocr_line' id='line_1_12' title="bbox 332 1084 1109 1137; baseline 0.004 -16"><span class='ocrx_word' id='word_1_81' title='bbox 332 1085 585 1122; x_wconf 79' lang='lat' dir='ltr'>inscribitur</span> <span class='ocrx_word' id='word_1_82' title='bbox 608 1084 746 1135; x_wconf 78' lang='grc' dir='ltr'><strong><em>’Έρως</em></strong></span> <span class='ocrx_word' id='word_1_83' title='bbox 779 1084 1003 1137; x_wconf 79' lang='grc' dir='ltr'><em>ὁραπέτης,·</em></span> <span class='ocrx_word' id='word_1_84' title='bbox 1035 1085 1109 1124; x_wconf 87' lang='lat' dir='ltr'>cf.:</span> 
     </span>
     <span class='ocr_line' id='line_1_13' title="bbox 360 1160 1844 1214; baseline 0.002 -16"><span class='ocrx_word' id='word_1_85' title='bbox 360 1174 402 1208; x_wconf 77' lang='lat'>4:</span> <span class='ocrx_word' id='word_1_86' title='bbox 539 1160 695 1211; x_wconf 80' lang='grc' dir='ltr'><em>μισθόν</em></span> <span class='ocrx_word' id='word_1_87' title='bbox 726 1176 783 1199; x_wconf 89' lang='grc' dir='ltr'>τοι</span> <span class='ocrx_word' id='word_1_88' title='bbox 817 1161 866 1199; x_wconf 84' lang='grc' dir='ltr'>τὸ</span> <span class='ocrx_word' id='word_1_89' title='bbox 899 1161 1087 1213; x_wconf 51' lang='lat' dir='ltr'>(fii-alna</span> <span class='ocrx_word' id='word_1_90' title='bbox 1119 1161 1164 1201; x_wconf 85' lang='grc' dir='ltr'>τὸ</span> <span class='ocrx_word' id='word_1_91' title='bbox 1199 1161 1423 1213; x_wconf 76' lang='grc' dir='ltr'><em>Κύπριδος,</em></span> <span class='ocrx_word' id='word_1_92' title='bbox 1458 1163 1506 1213; x_wconf 79' lang='grc' dir='ltr'>ἢν</span> <span class='ocrx_word' id='word_1_93' title='bbox 1539 1162 1574 1201; x_wconf 77' lang='grc' dir='ltr'>δ’</span> <span class='ocrx_word' id='word_1_94' title='bbox 1601 1162 1734 1214; x_wconf 76' lang='grc' dir='ltr'><em>ἀγάγῃ</em></span> <span class='ocrx_word' id='word_1_95' title='bbox 1771 1177 1844 1207; x_wconf 82' lang='grc' dir='ltr'><em>νιν,</em></span> 
     </span>
    </p>

    <p class='ocr_par' dir='ltr' id='par_1_5' title="bbox 335 1230 1820 1354">
     <span class='ocr_line' id='line_1_14' title="bbox 540 1230 1820 1283; baseline 0.001 -14"><span class='ocrx_word' id='word_1_96' title='bbox 540 1231 588 1269; x_wconf 77' lang='grc' dir='ltr'>οἰ·</span> <span class='ocrx_word' id='word_1_97' title='bbox 623 1230 780 1282; x_wconf 74' lang='grc' dir='ltr'><em>γυμνὸν</em></span> <span class='ocrx_word' id='word_1_98' title='bbox 811 1231 862 1270; x_wconf 85' lang='grc' dir='ltr'>τὸ</span> <span class='ocrx_word' id='word_1_99' title='bbox 894 1231 1096 1283; x_wconf 68' lang='grc' dir='ltr'><em>φίλαμα,</em></span> <span class='ocrx_word' id='word_1_100' title='bbox 1128 1231 1173 1271; x_wconf 74' lang='grc' dir='ltr'>τὺ</span> <span class='ocrx_word' id='word_1_101' title='bbox 1207 1230 1242 1271; x_wconf 80' lang='grc' dir='ltr'>δ’</span> <span class='ocrx_word' id='word_1_102' title='bbox 1267 1230 1304 1271; x_wconf 82' lang='grc' dir='ltr'>ὦ</span> <span class='ocrx_word' id='word_1_103' title='bbox 1337 1233 1424 1278; x_wconf 83' lang='grc' dir='ltr'><em>ξένε</em></span> <span class='ocrx_word' id='word_1_104' title='bbox 1455 1231 1525 1270; x_wconf 81' lang='grc' dir='ltr'>καὶ</span> <span class='ocrx_word' id='word_1_105' title='bbox 1555 1231 1681 1271; x_wconf 75' lang='grc' dir='ltr'><em>πλέον</em></span> <span class='ocrx_word' id='word_1_106' title='bbox 1708 1232 1820 1278; x_wconf 79' lang='grc' dir='ltr'><em>ἔξεις.</em></span> 
     </span>
     <span class='ocr_line' id='line_1_15' title="bbox 335 1288 1722 1354; baseline 0.002 -16"><span class='ocrx_word' id='word_1_107' title='bbox 335 1303 400 1338; x_wconf 85' lang='grc' dir='ltr'>Ι8;</span> <span class='ocrx_word' id='word_1_108' title='bbox 539 1301 659 1346; x_wconf 76' lang='grc' dir='ltr'><em>τόξον</em></span> <span class='ocrx_word' id='word_1_109' title='bbox 691 1302 769 1352; x_wconf 74' lang='grc' dir='ltr'><em>ἔχει</em></span> <span class='ocrx_word' id='word_1_110' title='bbox 801 1301 913 1353; x_wconf 78' lang='grc' dir='ltr'><em>μάλα</em></span> <span class='ocrx_word' id='word_1_111' title='bbox 945 1302 1077 1353; x_wconf 78' lang='grc' dir='ltr'><em>βαιάν,</em></span> <span class='ocrx_word' id='word_1_112' title='bbox 1114 1302 1214 1353; x_wconf 71' lang='grc' dir='ltr'>ὑπὲρ</span> <span class='ocrx_word' id='word_1_113' title='bbox 1245 1302 1355 1348; x_wconf 82' lang='grc' dir='ltr'><em>τόξω</em></span> <span class='ocrx_word' id='word_1_114' title='bbox 1389 1301 1434 1341; x_wconf 77' lang='grc' dir='ltr'>δὲ</span> <span class='ocrx_word' id='word_1_115' title='bbox 1464 1288 1722 1354; x_wconf 62' lang='grc' dir='ltr'><em>βέλερνον,</em></span> 
     </span>
    </p>

    <p class='ocr_par' dir='ltr' id='par_1_6' title="bbox 322 1371 1877 2416">
     <span class='ocr_line' id='line_1_16' title="bbox 539 1371 1832 1424; baseline 0.002 -15"><span class='ocrx_word' id='word_1_116' title='bbox 539 1371 689 1410; x_wconf 74' lang='grc' dir='ltr'><em>τυτθὸν</em></span> <span class='ocrx_word' id='word_1_117' title='bbox 719 1371 796 1422; x_wconf 72' lang='grc' dir='ltr'>μὲν</span> <span class='ocrx_word' id='word_1_118' title='bbox 829 1371 872 1411; x_wconf 82' lang='grc' dir='ltr'>τὸ</span> <span class='ocrx_word' id='word_1_119' title='bbox 904 1372 1160 1424; x_wconf 75' lang='grc' dir='ltr'><em>βέλεμνον,</em></span> <span class='ocrx_word' id='word_1_120' title='bbox 1195 1372 1235 1416; x_wconf 80' lang='grc' dir='ltr'>ἐς</span> <span class='ocrx_word' id='word_1_121' title='bbox 1267 1372 1416 1423; x_wconf 72' lang='grc' dir='ltr'><em>αἰθέρα</em></span> <span class='ocrx_word' id='word_1_122' title='bbox 1451 1372 1486 1411; x_wconf 76' lang='grc' dir='ltr'>δ’</span> <span class='ocrx_word' id='word_1_123' title='bbox 1510 1372 1606 1424; x_wconf 78' lang='grc' dir='ltr'><em>ἄχρι</em></span> <span class='ocrx_word' id='word_1_124' title='bbox 1638 1375 1832 1424; x_wconf 76' lang='grc' dir='ltr'><em>φορεῖται.</em></span> 
     </span>
     <span class='ocr_line' id='line_1_17' title="bbox 326 1452 1877 1505; baseline 0.002 -15"><span class='ocrx_word' id='word_1_125' title='bbox 326 1452 374 1490; x_wconf 85' lang='lat' dir='ltr'>In</span> <span class='ocrx_word' id='word_1_126' title='bbox 410 1453 475 1490; x_wconf 83' lang='lat' dir='ltr'>his</span> <span class='ocrx_word' id='word_1_127' title='bbox 509 1453 711 1491; x_wconf 75' lang='lat' dir='ltr'>versibus</span> <span class='ocrx_word' id='word_1_128' title='bbox 745 1453 966 1498; x_wconf 58' lang='lat' dir='ltr'>Moschus</span> <span class='ocrx_word' id='word_1_129' title='bbox 1000 1455 1114 1492; x_wconf 87' lang='lat' dir='ltr'>sicut</span> <span class='ocrx_word' id='word_1_130' title='bbox 1147 1453 1412 1493; x_wconf 85' lang='lat' dir='ltr'>Theocritus</span> <span class='ocrx_word' id='word_1_131' title='bbox 1446 1456 1486 1493; x_wconf 93' lang='lat' dir='ltr'>in</span> <span class='ocrx_word' id='word_1_132' title='bbox 1522 1455 1576 1493; x_wconf 87' lang='lat' dir='ltr'>id.</span> <span class='ocrx_word' id='word_1_133' title='bbox 1606 1468 1636 1500; x_wconf 89' lang='lat'>1,</span> <span class='ocrx_word' id='word_1_134' title='bbox 1661 1467 1800 1505; x_wconf 83' lang='lat' dir='ltr'>95sq.‚</span> <span class='ocrx_word' id='word_1_135' title='bbox 1832 1455 1877 1494; x_wconf 83' lang='grc' dir='ltr'>τὸ</span> 
     </span>
     <span class='ocr_line' id='line_1_18' title="bbox 326 1522 1876 1576; baseline 0.003 -18"><span class='ocrx_word' id='word_1_136' title='bbox 326 1522 474 1574; x_wconf 59' lang='grc' dir='ltr'><em>ἀφελές</em></span> <span class='ocrx_word' id='word_1_137' title='bbox 519 1525 712 1561; x_wconf 77' lang='lat' dir='ltr'>maxime</span> <span class='ocrx_word' id='word_1_138' title='bbox 758 1531 1000 1575; x_wconf 87' lang='lat' dir='ltr'>propterea</span> <span class='ocrx_word' id='word_1_139' title='bbox 1047 1525 1150 1563; x_wconf 89' lang='lat' dir='ltr'>mihi</span> <span class='ocrx_word' id='word_1_140' title='bbox 1196 1525 1372 1563; x_wconf 84' lang='lat' dir='ltr'>videtur</span> <span class='ocrx_word' id='word_1_141' title='bbox 1420 1525 1711 1576; x_wconf 81' lang='lat' dir='ltr'>appetivisse.</span> <span class='ocrx_word' id='word_1_142' title='bbox 1756 1525 1876 1576; x_wconf 88' lang='lat' dir='ltr'>quod</span> 
     </span>
     <span class='ocr_line' id='line_1_19' title="bbox 328 1593 1876 1644; baseline 0.002 -14"><span class='ocrx_word' id='word_1_143' title='bbox 328 1593 475 1631; x_wconf 81' lang='lat' dir='ltr'>verbis</span> <span class='ocrx_word' id='word_1_144' title='bbox 508 1595 709 1644; x_wconf 85' lang='lat' dir='ltr'>repetitis</span> <span class='ocrx_word' id='word_1_145' title='bbox 749 1596 972 1632; x_wconf 82' lang='lat' dir='ltr'>sententia</span> <span class='ocrx_word' id='word_1_146' title='bbox 1007 1596 1246 1644; x_wconf 83' lang='lat' dir='ltr'>corrigitur</span> <span class='ocrx_word' id='word_1_147' title='bbox 1279 1594 1347 1633; x_wconf 82' lang='lat' dir='ltr'>vel</span> <span class='ocrx_word' id='word_1_148' title='bbox 1383 1596 1633 1633; x_wconf 74' lang='lat' dir='ltr'>accuratius</span> <span class='ocrx_word' id='word_1_149' title='bbox 1667 1595 1876 1634; x_wconf 89' lang='lat' dir='ltr'>determi-</span> 
     </span>
     <span class='ocr_line' id='line_1_20' title="bbox 327 1664 1874 1715; baseline 0.001 -14"><span class='ocrx_word' id='word_1_150' title='bbox 327 1671 475 1702; x_wconf 80' lang='lat' dir='ltr'>natur:</span> <span class='ocrx_word' id='word_1_151' title='bbox 511 1664 614 1701; x_wconf 86' lang='lat' dir='ltr'>talia</span> <span class='ocrx_word' id='word_1_152' title='bbox 649 1665 762 1702; x_wconf 90' lang='lat' dir='ltr'>enim</span> <span class='ocrx_word' id='word_1_153' title='bbox 799 1665 978 1715; x_wconf 85' lang='lat' dir='ltr'>propria</span> <span class='ocrx_word' id='word_1_154' title='bbox 1011 1672 1115 1703; x_wconf 83' lang='lat' dir='ltr'>sunt</span> <span class='ocrx_word' id='word_1_155' title='bbox 1147 1666 1364 1703; x_wconf 84' lang='lat' dir='ltr'>sermonis</span> <span class='ocrx_word' id='word_1_156' title='bbox 1398 1665 1637 1710; x_wconf 86' lang='lat' dir='ltr'>hominum,</span> <span class='ocrx_word' id='word_1_157' title='bbox 1672 1666 1746 1715; x_wconf 85' lang='lat' dir='ltr'>qui</span> <span class='ocrx_word' id='word_1_158' title='bbox 1774 1666 1874 1703; x_wconf 88' lang='lat' dir='ltr'>sim—</span> 
     </span>
     <span class='ocr_line' id='line_1_21' title="bbox 326 1733 1874 1784; baseline 0.001 -13"><span class='ocrx_word' id='word_1_159' title='bbox 326 1733 463 1784; x_wconf 81' lang='lat' dir='ltr'>plices</span> <span class='ocrx_word' id='word_1_160' title='bbox 495 1743 599 1772; x_wconf 82' lang='lat' dir='ltr'>sunt</span> <span class='ocrx_word' id='word_1_161' title='bbox 631 1743 706 1772; x_wconf 76' lang='lat' dir='ltr'>aut</span> <span class='ocrx_word' id='word_1_162' title='bbox 740 1734 878 1772; x_wconf 87' lang='lat' dir='ltr'>videri</span> <span class='ocrx_word' id='word_1_163' title='bbox 912 1734 1078 1772; x_wconf 79' lang='lat' dir='ltr'>volunt.</span> <span class='ocrx_word' id='word_1_164' title='bbox 1134 1733 1232 1773; x_wconf 92' lang='lat' dir='ltr'>Hac</span> <span class='ocrx_word' id='word_1_165' title='bbox 1266 1748 1313 1773; x_wconf 92' lang='lat' dir='ltr'>re</span> <span class='ocrx_word' id='word_1_166' title='bbox 1347 1748 1428 1773; x_wconf 87' lang='lat' dir='ltr'>nos</span> <span class='ocrx_word' id='word_1_167' title='bbox 1462 1735 1515 1773; x_wconf 87' lang='lat' dir='ltr'>ad</span> <span class='ocrx_word' id='word_1_168' title='bbox 1551 1733 1722 1773; x_wconf 79' lang='lat' dir='ltr'>fontem</span> <span class='ocrx_word' id='word_1_169' title='bbox 1748 1735 1874 1774; x_wconf 88' lang='lat' dir='ltr'>huius</span> 
     </span>
     <span class='ocr_line' id='line_1_22' title="bbox 325 1803 1874 1856; baseline 0.002 -15"><span class='ocrx_word' id='word_1_170' title='bbox 325 1803 607 1855; x_wconf 78' lang='lat' dir='ltr'>epanalepsis</span> <span class='ocrx_word' id='word_1_171' title='bbox 641 1804 800 1842; x_wconf 81' lang='lat' dir='ltr'>adduci</span> <span class='ocrx_word' id='word_1_172' title='bbox 834 1806 1008 1855; x_wconf 83' lang='lat' dir='ltr'>opinor,</span> <span class='ocrx_word' id='word_1_173' title='bbox 1049 1817 1165 1856; x_wconf 82' lang='lat' dir='ltr'>quae</span> <span class='ocrx_word' id='word_1_174' title='bbox 1200 1818 1225 1842; x_wconf 87' lang='lat' dir='ltr'>a</span> <span class='ocrx_word' id='word_1_175' title='bbox 1257 1804 1355 1843; x_wconf 86' lang='lat' dir='ltr'>stilo</span> <span class='ocrx_word' id='word_1_176' title='bbox 1390 1803 1695 1844; x_wconf 86' lang='lat' dir='ltr'>artificiosiore</span> <span class='ocrx_word' id='word_1_177' title='bbox 1731 1804 1874 1844; x_wconf 84' lang='lat' dir='ltr'>aliena</span> 
     </span>
     <span class='ocr_line' id='line_1_23' title="bbox 325 1874 1872 1914; baseline 0.002 -3"><span class='ocrx_word' id='word_1_178' title='bbox 325 1887 423 1912; x_wconf 72' lang='lat' dir='ltr'>esse</span> <span class='ocrx_word' id='word_1_179' title='bbox 460 1874 562 1912; x_wconf 89' lang='lat' dir='ltr'>mihi</span> <span class='ocrx_word' id='word_1_180' title='bbox 595 1874 782 1912; x_wconf 76' lang='lat' dir='ltr'>videtur.</span> <span class='ocrx_word' id='word_1_181' title='bbox 844 1874 934 1912; x_wconf 88' lang='lat' dir='ltr'>Iam</span> <span class='ocrx_word' id='word_1_182' title='bbox 983 1881 1116 1913; x_wconf 89' lang='lat' dir='ltr'>antea</span> <span class='ocrx_word' id='word_1_183' title='bbox 1163 1874 1398 1913; x_wconf 84' lang='lat' dir='ltr'>verisimile</span> <span class='ocrx_word' id='word_1_184' title='bbox 1440 1876 1568 1913; x_wconf 87' lang='lat' dir='ltr'>nobis</span> <span class='ocrx_word' id='word_1_185' title='bbox 1601 1874 1766 1914; x_wconf 81' lang='lat' dir='ltr'>factum</span> <span class='ocrx_word' id='word_1_186' title='bbox 1805 1883 1872 1914; x_wconf 86' lang='lat' dir='ltr'>est</span> 
     </span>
     <span class='ocr_line' id='line_1_24' title="bbox 324 1944 1870 1997; baseline 0.002 -16"><span class='ocrx_word' id='word_1_187' title='bbox 324 1951 484 1995; x_wconf 84' lang='lat' dir='ltr'>poetas</span> <span class='ocrx_word' id='word_1_188' title='bbox 508 1944 735 1983; x_wconf 85' lang='lat' dir='ltr'>bucolicos</span> <span class='ocrx_word' id='word_1_189' title='bbox 758 1958 823 1991; x_wconf 85' lang='lat' dir='ltr'>ea,</span> <span class='ocrx_word' id='word_1_190' title='bbox 856 1946 1016 1995; x_wconf 85' lang='lat' dir='ltr'>quibus</span> <span class='ocrx_word' id='word_1_191' title='bbox 1040 1944 1153 1983; x_wconf 92' lang='lat' dir='ltr'>illam</span> <span class='ocrx_word' id='word_1_192' title='bbox 1179 1946 1446 1983; x_wconf 82' lang='lat' dir='ltr'>suavitatem</span> <span class='ocrx_word' id='word_1_193' title='bbox 1474 1951 1519 1983; x_wconf 88' lang='lat' dir='ltr'>et</span> <span class='ocrx_word' id='word_1_194' title='bbox 1541 1945 1870 1997; x_wconf 83' lang='lat' dir='ltr'>simplicitatem</span> 
     </span>
     <span class='ocr_line' id='line_1_25' title="bbox 324 2015 1872 2067; baseline 0.002 -15"><span class='ocrx_word' id='word_1_195' title='bbox 324 2015 595 2053; x_wconf 80' lang='lat' dir='ltr'>carminibus</span> <span class='ocrx_word' id='word_1_196' title='bbox 628 2022 915 2065; x_wconf 85' lang='lat' dir='ltr'>pepererunt,</span> <span class='ocrx_word' id='word_1_197' title='bbox 950 2028 1160 2066; x_wconf 80' lang='lat' dir='ltr'>magnam</span> <span class='ocrx_word' id='word_1_198' title='bbox 1197 2022 1371 2066; x_wconf 85' lang='lat' dir='ltr'>partem</span> <span class='ocrx_word' id='word_1_199' title='bbox 1407 2015 1615 2054; x_wconf 86' lang='lat' dir='ltr'>debuisse</span> <span class='ocrx_word' id='word_1_200' title='bbox 1644 2017 1769 2067; x_wconf 89' lang='lat' dir='ltr'>poesi</span> <span class='ocrx_word' id='word_1_201' title='bbox 1796 2029 1872 2067; x_wconf 90' lang='lat' dir='ltr'>po-</span> 
     </span>
     <span class='ocr_line' id='line_1_26' title="bbox 322 2084 1871 2137; baseline 0.001 -15"><span class='ocrx_word' id='word_1_202' title='bbox 322 2084 429 2135; x_wconf 79' lang='lat' dir='ltr'>puli,</span> <span class='ocrx_word' id='word_1_203' title='bbox 475 2085 529 2122; x_wconf 85' lang='lat' dir='ltr'>ad</span> <span class='ocrx_word' id='word_1_204' title='bbox 575 2086 698 2123; x_wconf 82' lang='lat' dir='ltr'>cuius</span> <span class='ocrx_word' id='word_1_205' title='bbox 737 2086 1057 2124; x_wconf 82' lang='lat' dir='ltr'>amoenitatem</span> <span class='ocrx_word' id='word_1_206' title='bbox 1100 2085 1169 2123; x_wconf 88' lang='lat' dir='ltr'>illa</span> <span class='ocrx_word' id='word_1_207' title='bbox 1209 2086 1495 2136; x_wconf 87' lang='lat' dir='ltr'>epithalamia</span> <span class='ocrx_word' id='word_1_208' title='bbox 1541 2098 1721 2137; x_wconf 86' lang='lat' dir='ltr'>quoque</span> <span class='ocrx_word' id='word_1_209' title='bbox 1762 2086 1871 2124; x_wconf 88' lang='lat' dir='ltr'>anti-</span> 
     </span>
     <span class='ocr_line' id='line_1_27' title="bbox 323 2154 1870 2207; baseline 0.001 -14"><span class='ocrx_word' id='word_1_210' title='bbox 323 2168 512 2206; x_wconf 81' lang='lat' dir='ltr'>quorum</span> <span class='ocrx_word' id='word_1_211' title='bbox 562 2162 812 2206; x_wconf 87' lang='lat' dir='ltr'>temporum</span> <span class='ocrx_word' id='word_1_212' title='bbox 864 2154 1100 2193; x_wconf 83' lang='lat' dir='ltr'>referenda</span> <span class='ocrx_word' id='word_1_213' title='bbox 1145 2162 1259 2194; x_wconf 86' lang='lat' dir='ltr'>sunt.</span> <span class='ocrx_word' id='word_1_214' title='bbox 1351 2154 1545 2194; x_wconf 88' lang='lat' dir='ltr'>Primum</span> <span class='ocrx_word' id='word_1_215' title='bbox 1594 2154 1732 2200; x_wconf 80' lang='lat' dir='ltr'>locus.</span> <span class='ocrx_word' id='word_1_216' title='bbox 1783 2168 1870 2207; x_wconf 86' lang='lat' dir='ltr'>quo</span> 
     </span>
     <span class='ocr_line' id='line_1_28' title="bbox 323 2224 1870 2277; baseline 0.001 -14"><span class='ocrx_word' id='word_1_217' title='bbox 323 2225 421 2263; x_wconf 85' lang='lat' dir='ltr'>talis</span> <span class='ocrx_word' id='word_1_218' title='bbox 474 2226 693 2263; x_wconf 83' lang='lat' dir='ltr'>correctio</span> <span class='ocrx_word' id='word_1_219' title='bbox 748 2225 945 2263; x_wconf 81' lang='lat' dir='ltr'>adhibita</span> <span class='ocrx_word' id='word_1_220' title='bbox 1000 2234 1085 2271; x_wconf 86' lang='lat' dir='ltr'>est,</span> <span class='ocrx_word' id='word_1_221' title='bbox 1139 2226 1360 2263; x_wconf 84' lang='lat' dir='ltr'>invenitur</span> <span class='ocrx_word' id='word_1_222' title='bbox 1405 2226 1444 2263; x_wconf 89' lang='lat' dir='ltr'>in</span> <span class='ocrx_word' id='word_1_223' title='bbox 1492 2225 1562 2264; x_wconf 90' lang='lat' dir='ltr'>illo</span> <span class='ocrx_word' id='word_1_224' title='bbox 1613 2224 1870 2277; x_wconf 82' lang='lat' dir='ltr'>fragmento</span> 
     </span>
     <span class='ocr_line' id='line_1_29' title="bbox 323 2294 1870 2346; baseline 0.002 -15"><span class='ocrx_word' id='word_1_225' title='bbox 323 2294 592 2346; x_wconf 77' lang='lat' dir='ltr'>epithalamii</span> <span class='ocrx_word' id='word_1_226' title='bbox 634 2294 859 2346; x_wconf 71' lang='lat' dir='ltr'>Sapphus,</span> <span class='ocrx_word' id='word_1_227' title='bbox 900 2295 1020 2346; x_wconf 89' lang='lat' dir='ltr'>quod</span> <span class='ocrx_word' id='word_1_228' title='bbox 1059 2308 1260 2334; x_wconf 87' lang='lat' dir='ltr'>summae</span> <span class='ocrx_word' id='word_1_229' title='bbox 1300 2295 1596 2346; x_wconf 81' lang='lat' dir='ltr'>simplicitatis</span> <span class='ocrx_word' id='word_1_230' title='bbox 1635 2308 1687 2334; x_wconf 83' lang='lat' dir='ltr'>ac</span> <span class='ocrx_word' id='word_1_231' title='bbox 1728 2296 1870 2334; x_wconf 78' lang='lat' dir='ltr'>suavi-</span> 
     </span>
     <span class='ocr_line' id='line_1_30' title="bbox 323 2364 951 2416; baseline -0.002 -12"><span class='ocrx_word' id='word_1_232' title='bbox 323 2367 425 2404; x_wconf 79' lang='lat' dir='ltr'>tatis</span> <span class='ocrx_word' id='word_1_233' title='bbox 458 2374 525 2403; x_wconf 78' lang='lat' dir='ltr'>est</span> <span class='ocrx_word' id='word_1_234' title='bbox 559 2364 740 2416; x_wconf 76' lang='lat' dir='ltr'>(Bergk.</span> <span class='ocrx_word' id='word_1_235' title='bbox 764 2365 833 2410; x_wconf 74' lang='grc' dir='ltr'>ΙΙΙ,</span> <span class='ocrx_word' id='word_1_236' title='bbox 858 2377 951 2414; x_wconf 84' lang='lat'>03):</span> 
     </span>
    </p>

    <p class='ocr_par' dir='ltr' id='par_1_7' title="bbox 533 2441 1638 2493">
     <span class='ocr_line' id='line_1_31' title="bbox 533 2441 1638 2493; baseline 0 -12"><span class='ocrx_word' id='word_1_237' title='bbox 533 2442 620 2481; x_wconf 80' lang='grc' dir='ltr'><em>οἷον</em></span> <span class='ocrx_word' id='word_1_238' title='bbox 652 2441 696 2481; x_wconf 78' lang='grc' dir='ltr'>τὸ</span> <span class='ocrx_word' id='word_1_239' title='bbox 730 2441 995 2493; x_wconf 48' lang='lat' dir='ltr'>yla-Myrinam*</span> <span class='ocrx_word' id='word_1_240' title='bbox 1027 2441 1236 2492; x_wconf 60' lang='grc' dir='ltr'><em>ἐρεύθεται</em></span> <span class='ocrx_word' id='word_1_241' title='bbox 1269 2441 1390 2493; x_wconf 75' lang='grc' dir='ltr'><em>ἄκρῳ</em></span> <span class='ocrx_word' id='word_1_242' title='bbox 1423 2441 1484 2481; x_wconf 78' lang='grc' dir='ltr'>ἐπ’</span> <span class='ocrx_word' id='word_1_243' title='bbox 1512 2442 1638 2493; x_wconf 75' lang='grc' dir='ltr'><em>ὔσὸῳ,</em></span> 
     </span>
    </p>

    <p class='ocr_par' dir='ltr' id='par_1_8' title="bbox 532 2511 1726 2563">
     <span class='ocr_line' id='line_1_32' title="bbox 532 2511 1726 2563; baseline 0.003 -16"><span class='ocrx_word' id='word_1_244' title='bbox 532 2512 663 2562; x_wconf 73' lang='grc' dir='ltr'><em>ἄκρον</em></span> <span class='ocrx_word' id='word_1_245' title='bbox 696 2512 757 2551; x_wconf 72' lang='grc' dir='ltr'>ἐπ’</span> <span class='ocrx_word' id='word_1_246' title='bbox 782 2511 1011 2562; x_wconf 77' lang='grc' dir='ltr'><em>ἀκροτάτῳ,</em></span> <span class='ocrx_word' id='word_1_247' title='bbox 1044 2512 1315 2551; x_wconf 75' lang='grc' dir='ltr'><em>λελάθοντο</em></span> <span class='ocrx_word' id='word_1_248' title='bbox 1349 2511 1392 2551; x_wconf 81' lang='grc' dir='ltr'>ὁὲ</span> <span class='ocrx_word' id='word_1_249' title='bbox 1423 2511 1726 2563; x_wconf 78' lang='grc' dir='ltr'><em>μαλοὸρόπηες,</em></span> 
     </span>
    </p>

    <p class='ocr_par' dir='ltr' id='par_1_9' title="bbox 320 2581 1866 2925">
     <span class='ocr_line' id='line_1_33' title="bbox 532 2581 1749 2633; baseline 0.002 -15"><span class='ocrx_word' id='word_1_250' title='bbox 532 2582 582 2620; x_wconf 71' lang='grc' dir='ltr'>οὗ</span> <span class='ocrx_word' id='word_1_251' title='bbox 613 2581 698 2633; x_wconf 78' lang='grc' dir='ltr'>μάν</span> <span class='ocrx_word' id='word_1_252' title='bbox 730 2581 1060 2627; x_wconf 67' lang='grc' dir='ltr'>ἐκλελάθωντ’,</span> <span class='ocrx_word' id='word_1_253' title='bbox 1093 2582 1177 2621; x_wconf 75' lang='grc' dir='ltr'>ἀλλ’</span> <span class='ocrx_word' id='word_1_254' title='bbox 1202 2583 1281 2622; x_wconf 68' lang='grc' dir='ltr'>οὐκ</span> <span class='ocrx_word' id='word_1_255' title='bbox 1314 2581 1497 2621; x_wconf 76' lang='grc' dir='ltr'>ε’ὁύιάντ’</span> <span class='ocrx_word' id='word_1_256' title='bbox 1522 2582 1749 2626; x_wconf 78' lang='grc' dir='ltr'><em>ἐπικέσθαι,</em></span> 
     </span>
     <span class='ocr_line' id='line_1_34' title="bbox 321 2663 1864 2715; baseline 0 -14"><span class='ocrx_word' id='word_1_257' title='bbox 321 2665 360 2701; x_wconf 89' lang='lat' dir='ltr'>in</span> <span class='ocrx_word' id='word_1_258' title='bbox 398 2677 485 2715; x_wconf 77' lang='lat' dir='ltr'>quo</span> <span class='ocrx_word' id='word_1_259' title='bbox 520 2663 728 2715; x_wconf 74' lang='lat' dir='ltr'>exemplo</span> <span class='ocrx_word' id='word_1_260' title='bbox 764 2664 941 2715; x_wconf 79' lang='lat' dir='ltr'>quidem</span> <span class='ocrx_word' id='word_1_261' title='bbox 979 2665 1203 2703; x_wconf 82' lang='lat' dir='ltr'>sententia</span> <span class='ocrx_word' id='word_1_262' title='bbox 1229 2677 1315 2703; x_wconf 88' lang='lat' dir='ltr'>non</span> <span class='ocrx_word' id='word_1_263' title='bbox 1339 2664 1479 2703; x_wconf 86' lang='lat' dir='ltr'>solum</span> <span class='ocrx_word' id='word_1_264' title='bbox 1505 2664 1755 2715; x_wconf 84' lang='lat' dir='ltr'>corrigitur,</span> <span class='ocrx_word' id='word_1_265' title='bbox 1786 2664 1864 2702; x_wconf 88' lang='lat' dir='ltr'>sed</span> 
     </span>
     <span class='ocr_line' id='line_1_35' title="bbox 321 2733 1866 2786; baseline 0.002 -17"><span class='ocrx_word' id='word_1_266' title='bbox 321 2735 500 2771; x_wconf 77' lang='lat' dir='ltr'>omnino</span> <span class='ocrx_word' id='word_1_267' title='bbox 535 2742 738 2784; x_wconf 71' lang='lat' dir='ltr'>negatur.</span> <span class='ocrx_word' id='word_1_268' title='bbox 804 2733 1032 2784; x_wconf 78' lang='lat' dir='ltr'>Figuram,</span> <span class='ocrx_word' id='word_1_269' title='bbox 1071 2747 1202 2786; x_wconf 81' lang='lat' dir='ltr'>quam</span> <span class='ocrx_word' id='word_1_270' title='bbox 1246 2735 1286 2772; x_wconf 89' lang='lat' dir='ltr'>in</span> <span class='ocrx_word' id='word_1_271' title='bbox 1328 2733 1508 2772; x_wconf 86' lang='lat' dir='ltr'>tantulis</span> <span class='ocrx_word' id='word_1_272' title='bbox 1546 2734 1740 2785; x_wconf 85' lang='lat' dir='ltr'>reliquiis</span> <span class='ocrx_word' id='word_1_273' title='bbox 1773 2746 1866 2772; x_wconf 83' lang='lat' dir='ltr'>car-</span> 
     </span>
     <span class='ocr_line' id='line_1_36' title="bbox 322 2804 1861 2854; baseline 0 -12"><span class='ocrx_word' id='word_1_274' title='bbox 322 2805 483 2842; x_wconf 91' lang='lat' dir='ltr'>minum</span> <span class='ocrx_word' id='word_1_275' title='bbox 528 2804 654 2842; x_wconf 84' lang='lat' dir='ltr'>huius</span> <span class='ocrx_word' id='word_1_276' title='bbox 693 2805 895 2854; x_wconf 76' lang='lat' dir='ltr'>poetriae</span> <span class='ocrx_word' id='word_1_277' title='bbox 934 2804 1073 2843; x_wconf 86' lang='lat' dir='ltr'>semel</span> <span class='ocrx_word' id='word_1_278' title='bbox 1115 2810 1285 2842; x_wconf 87' lang='lat' dir='ltr'>tantum</span> <span class='ocrx_word' id='word_1_279' title='bbox 1323 2804 1550 2843; x_wconf 83' lang='lat' dir='ltr'>observari</span> <span class='ocrx_word' id='word_1_280' title='bbox 1586 2816 1671 2842; x_wconf 89' lang='lat' dir='ltr'>non</span> <span class='ocrx_word' id='word_1_281' title='bbox 1708 2805 1861 2842; x_wconf 87' lang='lat' dir='ltr'>mirum</span> 
     </span>
     <span class='ocr_line' id='line_1_37' title="bbox 320 2874 1864 2925; baseline 0.001 -14"><span class='ocrx_word' id='word_1_282' title='bbox 320 2882 399 2917; x_wconf 83' lang='lat' dir='ltr'>est,</span> <span class='ocrx_word' id='word_1_283' title='bbox 434 2875 550 2912; x_wconf 61' lang='lat' dir='ltr'>bono</span> <span class='ocrx_word' id='word_1_284' title='bbox 585 2875 827 2912; x_wconf 82' lang='lat' dir='ltr'>convenire</span> <span class='ocrx_word' id='word_1_285' title='bbox 861 2887 958 2912; x_wconf 88' lang='lat' dir='ltr'>cum</span> <span class='ocrx_word' id='word_1_286' title='bbox 995 2875 1217 2913; x_wconf 83' lang='lat' dir='ltr'>suavitate</span> <span class='ocrx_word' id='word_1_287' title='bbox 1252 2874 1406 2913; x_wconf 90' lang='lat' dir='ltr'>horum</span> <span class='ocrx_word' id='word_1_288' title='bbox 1443 2875 1684 2912; x_wconf 84' lang='lat' dir='ltr'>carminum</span> <span class='ocrx_word' id='word_1_289' title='bbox 1722 2875 1864 2925; x_wconf 88' lang='lat' dir='ltr'>nupti-</span> 
     </span>
    </p>
   </div>
  </div>
 </body>
</html>
