2222 3417
898 281 1187 329 ,87-

272 400 462 452 figuram
498 412 635 450 saepe
671 398 966 449 usurpavisse,
1007 401 1054 435 ut
1091 407 1346 434 sermonem
1388 392 1738 432 artificiosiorem
1775 396 1822 429 et

273 472 417 522 magis
450 475 726 509 commotum
760 468 1017 514 redderent,
1051 465 1321 514 Vollmer01>
1355 463 1570 503 concedo.
1627 462 1702 500 Ab
1737 461 1821 499 hac

272 542 564 592 repetitione,
603 553 736 591 quam
773 538 916 577 adhuc
956 538 1166 584 tractavi,
1204 535 1346 575 altera
1385 532 1705 584 distinguenda
1743 536 1822 577 est,

274 624 389 663 quae
424 610 706 662 epanalepsis
740 614 1033 660 nuncupatur.

775 725 806 779 ξ
839 722 881 767 2.
943 724 1011 766 De
1046 724 1330 778 epanalepsi.

392 807 563 847 Poetae
618 807 781 847 Graeci
834 813 880 846 et
930 806 1077 846 Latini
1130 820 1218 845 non
1263 820 1364 845 raro
1410 807 1595 845 verbum
1643 807 1826 858 gravius

276 879 453 925 elatum,
504 879 769 930 plerumque
809 891 993 925 nomen,
1037 883 1141 929 post
1185 878 1434 916 membrum
1484 877 1732 915 absolutum
1782 878 1822 914 in

276 950 398 987 initio
444 962 601 988 versus
640 950 872 1000 sequentis
910 948 981 987 vel
1019 949 1139 986 tertii
1177 949 1392 986 attributo
1432 947 1501 986 vel
1542 948 1826 998 appositione

276 1018 346 1057 vel
381 1021 613 1058 enuntiato
648 1018 833 1057 relativo
867 1017 1182 1069 amplificatum
1223 1023 1448 1069 repetunt.
1502 1017 1631 1055 Hanc
1662 1030 1826 1068 epana-

276 1088 450 1140 lepsim,
496 1102 595 1128 cum
644 1089 698 1126 de
744 1102 799 1126 ea
842 1090 922 1127 viri
974 1089 1112 1127 docti:
1164 1088 1387 1139 Forbiger
1426 1088 1481 1126 ad
1515 1087 1707 1135 B.6‚20,
1741 1085 1826 1127 Ge-

276 1161 428 1206 bauer,
452 1159 474 1198 l.
490 1158 512 1198 l.
533 1171 671 1210 pagg.
687 1172 753 1209 49,
771 1172 824 1207 50
846 1159 945 1198 adn.
970 1173 998 1205 1,
1027 1158 1236 1197 Meineke
1266 1159 1308 1196 in
1340 1158 1536 1196 editione
1559 1156 1826 1204 Callimachi,

276 1242 382 1280 pag.
415 1242 514 1277 254,
560 1228 652 1268 Leo
693 1231 735 1267 in
776 1230 972 1267 editione
1012 1228 1171 1268 Culicis
1210 1241 1314 1280 pag.
1345 1240 1483 1279 72sq.‚
1522 1227 1718 1274 Norden,
1752 1227 1826 1266 1.1.

276 1312 416 1351 pagg.
442 1311 518 1349 179
531 1313 596 1351 sq.
618 1300 759 1338 verba
785 1299 975 1338 fecerint
1003 1305 1139 1350 atque
1168 1312 1381 1350 magnum
1412 1311 1645 1336 numerum
1675 1310 1825 1335 exem-

276 1369 449 1421 plorum
484 1370 762 1421 protulerint,
801 1371 1001 1408 breviter
1037 1369 1286 1415 absolvam;
1326 1368 1510 1407 Norden
1545 1369 1637 1407 iure
1672 1369 1828 1406 statuit

277 1439 527 1491 Vergilium
562 1453 659 1478 eam
696 1439 884 1491 figuram
922 1439 1021 1478 stilo
1051 1453 1243 1478 amoeno
1268 1438 1576 1478 Bucolicorum
1605 1440 1825 1490 aptiorem

278 1511 604 1549 existimavisse
639 1523 771 1562 quam
803 1511 1016 1561 gravitati
1040 1511 1196 1561 epicae
1218 1510 1457 1552 Aeneidis:
1492 1509 1826 1555 admonendum

279 1586 427 1619 autem
464 1581 569 1618 mihi
603 1586 670 1619 est
704 1593 799 1618 eam
837 1582 877 1618 in
905 1579 1141 1631 Georgicis
1172 1593 1352 1631 quoque
1377 1581 1483 1617 satis
1506 1592 1605 1617 raro
1630 1579 1828 1617 inveniri.

278 1650 364 1689 Hic
399 1652 650 1689 exscribam
687 1650 908 1702 exempla,
942 1664 1058 1702 quae
1093 1651 1134 1688 in
1169 1650 1339 1701 eclogis
1373 1649 1603 1701 leguntur:

310 1729 435 1773 6,20:
492 1727 616 1764 addit
648 1739 696 1764 se
730 1728 893 1765 sociam
930 1727 1184 1777 timidisque
1218 1727 1480 1776 supervenit
1512 1724 1705 1776 Aegle,

491 1797 684 1847 Aegle,
722 1796 941 1835 Naiadum
983 1796 1299 1847 pulcherrima,
1338 1797 1516 1846 iamque
1549 1795 1755 1834 videnti.

311 1878 436 1916 9‚27:
488 1866 610 1905 Vare
645 1873 768 1904 tuum
804 1879 980 1912 nomen,
1013 1871 1198 1917 superet
1231 1866 1364 1905 modo
1399 1865 1613 1923 Mantua
1648 1867 1787 1911 nobis,

491 1936 706 1975 Mantua
740 1950 823 1975 vae
858 1938 1047 1974 miserae
1083 1938 1261 1974 nimium
1299 1937 1444 1974 vicina
1478 1934 1741 1982 Cremonae,

491 2013 729 2046 cantantes
761 2007 950 2045 sublime
984 2006 1134 2045 ferent
1167 2007 1224 2044 ad
1256 2007 1404 2044 sidera
1438 2007 1580 2057 cycni.

312 2088 438 2128 9‚47:
497 2090 605 2116 ecce
638 2077 829 2115 Dionaei
861 2078 1083 2127 processit
1115 2075 1320 2115 Caesaris
1355 2082 1570 2121 astrum,

493 2152 708 2193 astrum,
742 2160 829 2198 quo
863 2152 1048 2198 segetes
1081 2147 1337 2198 gauderent
1370 2145 1576 2197 frugibus
1610 2150 1654 2183 et
1688 2158 1775 2196 quo

494 2218 680 2255 duceret
714 2219 873 2267 apricis
905 2218 946 2255 in
982 2216 1166 2255 collibus
1201 2231 1284 2255 uva
1319 2217 1528 2255 colorem.

288 2299 440 2337 10,72:
963 2300 1043 2325 vos
1076 2287 1188 2325 haec
1221 2286 1395 2325 facietis
1429 2287 1625 2324 maxima
1658 2284 1829 2331 Gallo,

494 2355 666 2404 Gallo,
699 2358 822 2395 cuius
856 2370 981 2396 amor
1012 2362 1184 2395 tantum
1221 2357 1325 2395 mihi
1359 2357 1521 2395 crescit
1554 2357 1595 2394 in
1629 2356 1773 2401 horas,

498 2432 711 2479 quantum
747 2440 853 2465 vere
888 2441 1004 2466 novo
1038 2427 1187 2466 viridis
1220 2441 1268 2465 se
1302 2428 1464 2465 subicit
1497 2426 1634 2464 alnus,

281 2498 459 2537 Deinde
491 2497 562 2535 hic
596 2496 735 2535 locus:

315 2571 350 2615 ὁ,
368 2580 440 2617 55:
1165 2566 1358 2605 claudite
1390 2565 1689 2618 Nymphae,

494 2637 714 2676 Dictaeae
741 2637 1034 2688 Nymphae,
1068 2650 1300 2675 nemorum
1335 2638 1418 2674 iam
1456 2636 1648 2674 claudite
1683 2634 1829 2679 saltus,

284 2714 364 2753 illis
398 2712 615 2764 exemplis
647 2719 891 2764 propterea
924 2726 1011 2751 non
1035 2712 1274 2750 admodum
1299 2725 1380 2763 par
1404 2718 1483 2758 est,
1507 2711 1626 2762 quod
1651 2711 1829 2748 demum

284 2790 388 2836 post
419 2784 733 2834 repetitionem
769 2784 994 2821 sententia
1029 2782 1283 2821 absolvitur.
1346 2781 1443 2820 Hos
1477 2787 1623 2819 autem
1659 2793 1830 2819 versus:

289 2866 437 2905 7,2sq.
472 2859 518 2892 et
551 2857 743 2904 8,55sq.‚
777 2866 889 2904 quos
920 2854 1001 2892 viri
1035 2852 1153 2890 docti
1181 2853 1222 2890 in
1248 2852 1332 2890 hoc
1357 2864 1542 2889 numero
1567 2851 1831 2896 habuerunt,

405 2958 431 2999 ¹)
459 2957 497 2989 P.
524 2957 662 3000 Papinii
690 2956 793 2988 Statii
821 2956 996 2988 Silvarum
1026 2956 1128 2987 Libri.
1172 2955 1319 2997 Leipzig
1342 2956 1438 2994 1898,
1465 2965 1497 2996 p.
1520 2957 1596 2993 348.
