2222 3417
965 243 1017 247 —
1088 232 1159 258 101
1229 242 1283 246 —

349 349 500 375 corum
537 337 683 388 magis
717 336 950 381 abhorret;
985 336 1025 373 in
1058 335 1137 374 illis
1165 342 1377 387 quattuor
1404 335 1522 374 libris
1549 336 1662 375 haec
1690 336 1897 387 exempla

349 413 607 446 occurrunt:

348 493 399 534 G.
414 494 576 545 IV‚79:
664 496 803 546 (apes)
839 507 1050 545 magnum
1089 495 1256 532 mixtae
1289 495 1601 545 glomerantur
1632 495 1674 532 in
1710 494 1862 532 orbem

665 566 1026 617 praecipitesque
1051 565 1237 608 cadunt:
1265 578 1353 603 non
1379 564 1558 602 densior
1583 564 1686 602 aere
1709 565 1895 615 grando,

665 648 748 674 nec
784 636 839 674 de
873 648 1094 674 concussa
1127 641 1302 673 tantum
1336 634 1448 686 pluit
1479 634 1575 672 ilice
1609 633 1796 684 glandis.

346 711 401 750 A.
416 710 631 761 X11,919:
665 713 895 750 cunctanti
929 711 1063 749 telum
1098 711 1283 749 Aeneas
1316 710 1451 749 fatale
1485 716 1692 748 coruscat

663 783 844 820 sortitus
878 781 1102 820 fortunam
1139 781 1286 827 oculis,
1320 787 1366 817 et
1399 793 1589 831 corpore
1624 786 1718 818 toto

665 853 836 890 eminus
869 852 1110 902 intorquet.
1145 850 1301 888 murali
1334 851 1511 889 concita
1544 863 1783 901 numquam

662 930 887 961 tormento
921 923 983 960 sic
1016 934 1127 960 saxa
1160 920 1369 967 fremunt,
1403 934 1486 958 nec
1520 920 1702 958 fulmine
1735 922 1847 959 tanti

664 992 899 1031 dissultant
932 993 1139 1042 crepitus.

344 1077 515 1128 Quibus
564 1079 671 1117 locis
720 1087 858 1130 poeta
907 1080 1051 1129 magis
1097 1080 1263 1117 variam
1314 1077 1502 1116 formam
1547 1079 1894 1129 comparationis

344 1162 476 1200 quam
511 1149 840 1200 simplicitatem
879 1150 1150 1200 appetivisse
1184 1149 1371 1187 videtur.

459 1219 523 1258 Ut
555 1232 884 1271 cognoscamus
903 1218 1144 1270 Vergilium
1176 1232 1263 1257 non
1298 1232 1416 1263 casu,
1449 1219 1530 1257 sed
1562 1218 1743 1257 consilio
1778 1218 1892 1257 hanc

343 1291 593 1339 parataxim
630 1291 671 1327 in
698 1290 918 1329 Bucolicis
947 1291 1125 1341 saepius
1156 1290 1423 1335 adhibuisse,
1446 1289 1674 1327 Theocriti
1697 1290 1892 1327 carmina

342 1358 649 1405 conferamus;
697 1360 813 1398 hunc
861 1374 947 1398 non
993 1373 1094 1398 raro
1140 1359 1447 1397 similitudines
1492 1360 1704 1397 membris
1747 1371 1892 1409 aequo

343 1430 497 1468 ordine
512 1431 762 1468 coniunctis
782 1431 1088 1481 composuisse
1106 1430 1339 1468 admonuit
1349 1428 1574 1480 Legrand,
1592 1429 1613 1467 l.
1629 1428 1651 1467 l.
1667 1441 1770 1480 pag.
1788 1441 1892 1478 374..

342 1501 416 1551 qui
460 1502 593 1539 etiam
642 1500 852 1552 exempla
898 1500 1057 1539 attulit.
1104 1524 1155 1527 —
1205 1499 1332 1538 Haec
1376 1501 1461 1537 tria
1499 1500 1644 1550 priora
1686 1498 1891 1550 exempla

341 1571 536 1608 maxime
569 1569 797 1621 Vergilius
831 1572 1078 1609 imitatione
1114 1571 1355 1621 expressit:

371 1659 496 1707 8‚57:
554 1657 737 1709 δένδρεσι
769 1658 846 1710 μὲν
877 1658 1035 1710 χειμὼν
1067 1657 1253 1709 φοβερὸν
1285 1657 1430 1701 κακόν,
1464 1657 1583 1697 &Bam
1619 1657 1653 1696 δ’
1679 1657 1851 1708 αὐχμός,

693 1729 846 1778 ὄρνισιν
880 1729 915 1767 ὁ’
940 1728 1136 1778 ἱῗσπλαγξ,
1170 1728 1408 1778 ἀγροτέροις
1441 1728 1484 1766 ὁὲ
1515 1728 1614 1772 λίνα,

552 1798 670 1848 ἀνδρὶ
705 1798 749 1837 ὁὲ
780 1798 1036 1849 παρθενικᾶς
1068 1797 1229 1841 ἁπαλοῖς
1259 1798 1407 1842 πόθος.

370 1875 494 1923 8,79;
551 1878 601 1926 τᾷ
632 1874 730 1925 ὁρυῖ·
756 1874 817 1912 ταὶ
849 1874 1020 1925 βάλανοι
1053 1874 1225 1925 κόσμος,
1258 1878 1307 1926 τᾷ
1336 1874 1475 1925 μαλίὸι
1507 1873 1630 1925 μᾶλα,

551 1948 600 1996 τᾷ
631 1944 704 1996 βοῒ
732 1944 766 1983 δ’
792 1944 817 1982 ἁ
848 1944 1019 1996 μόσχος,
1052 1947 1110 1995 τῷ
1141 1943 1337 1995 βουκόλῳ
1370 1944 1412 1982 αἱ
1441 1943 1538 1996 βόες
1569 1944 1696 1982 αὗταί.

345 2032 405 2065 10,
424 2032 494 2068 30:
550 2020 575 2058 ἁ
608 2022 675 2065 αἲξ
704 2020 776 2058 τὰν
808 2021 983 2065 κύτισον,
1017 2020 1040 2059 ὁ
1072 2019 1198 2064 λύκος
1230 2020 1301 2059 τὰν
1334 2020 1428 2071 αἶγα
1462 2019 1613 2064 διώκει,

549 2090 574 2128 ἁ
608 2091 780 2141 γέρανος
811 2091 1034 2141 τῶροτρον,
1067 2090 1150 2142 ἐγὼ
1185 2090 1220 2130 δ’
1247 2091 1308 2129 ἐπὶ
1342 2090 1398 2129 τὶν
1429 2090 1683 2141 μεμάνημαι.

339 2176 500 2215 deinde
534 2177 578 2215 hi
610 2191 766 2216 versus
799 2177 1062 2216 conferendi
1096 2185 1218 2217 sunt:

371 2275 494 2313 7,45:
550 2263 611 2307 ὥς
641 2279 713 2315 μοι
745 2264 814 2303 καὶ
846 2265 1000 2303 τέκτων
1030 2264 1120 2315 μέγ’
1146 2264 1380 2315 ἀπέχθεται,
1414 2265 1520 2307 ὅστις
1552 2265 1696 2316 ἓρευνῇ

548 2334 635 2373 ἴσον
667 2334 790 2385 ὄρει·ς
822 2339 993 2386 κορυφᾷ
1024 2334 1175 2373 τελέσαι
1210 2334 1343 2385 δόμον
1369 2334 1680 2385 ’.(2ρομὲὂοντος,

547 2404 617 2443 καὶ
648 2403 816 2443 Momm
849 2405 1020 2455 ὄρνιχες,
1053 2405 1140 2443 ὅσοι
1173 2404 1262 2443 ποτὶ
1296 2403 1410 2443 Χῖον
1442 2404 1584 2443 ἀοιδόν

547 2473 662 2512 ἀντία
694 2474 969 2519 κοκκύζοντες
1001 2473 1149 2512 ἐτώσια
1180 2473 1432 2524 μοχθίζοντι.

335 2561 629 2611 Adiungendi
667 2568 770 2600 sunt
809 2561 1003 2612 denique
1044 2561 1083 2598 hi
1125 2560 1224 2610 loci,
1272 2562 1431 2611 quibus
1470 2574 1578 2599 sane
1618 2573 1703 2598 non
1739 2560 1882 2598 simili-

336 2631 512 2668 tudines
545 2632 726 2682 proprio
760 2644 893 2669 sensu
928 2638 1127 2669 exstant:

371 2720 490 2763 Ι,8()·.
545 2719 698 2770 βούτας
727 2719 804 2770 μὲν
836 2701 983 2769 ἕλε”γεῑυ
1016 2722 1090 2757 νῦν
1123 2717 1157 2756 (3⁷
1183 2717 1343 2768 αἷπόλῳ
1376 2716 1493 2767 ἃνὸρὶ
1527 2717 1674 2758 ἔοικας.

546 2789 713 2840 ᾡπόλος
745 2789 835 2827 ὅκκ’
861 2789 985 2840 ἕσορῇ
1018 2788 1088 2831 τὰς
1117 2787 1313 2839 μηκάὸας
1345 2787 1410 2826 οἷα
1442 2787 1664 2838 βατεῦνται,

545 2859 705 2898 τάκεται
737 2859 986 2911 ὂφθαλμώς,
1020 2859 1076 2898 ὅτι
1110 2858 1159 2897 οὗ
1191 2858 1339 2908 τράγος
1371 2856 1493 2899 αὐτὸς
1524 2856 1669 2906 ἔγεντο.
