2222 3417
878 302 932 306 —
1002 290 1074 316 121
1143 300 1199 305 ·—

384 399 497 438 Tum
538 397 765 450 parataxis
805 394 1040 447 quaedam,
1081 406 1196 446 quae
1235 405 1344 431 sane
1385 405 1473 430 non
1513 392 1553 429 in
1595 390 1688 429 aliis
1721 403 1813 429 car-

268 470 459 508 minibus
492 469 631 515 deest,
662 467 729 506 his
762 466 869 505 locis
902 478 926 504 a
958 463 1160 515 Vergilio
1195 464 1398 515 appetita
1431 467 1519 500 est:

300 554 421 599 2,36:
478 550 558 589 Est
589 550 694 588 mihi
727 548 976 600 disparibus
1008 552 1183 598 septem
1218 551 1457 597 compacta
1490 544 1645 582 cicutis

479 619 636 667 fistula,
667 619 916 658 Damoetas
950 617 1067 656 dono
1101 616 1206 655 mihi
1240 628 1372 667 quam
1408 614 1533 653 dedit
1567 613 1667 652 olim

481 697 532 728 et
565 689 676 728 dixit
708 689 918 728 moriens:

301 784 425 820 3,13:
896 783 1011 822 quae
1044 774 1104 816 tu,
1135 781 1351 820 perverse
1385 765 1606 812 Menalca,

482 847 528 879 et
560 854 659 880 cum
693 840 840 880 vidisti
871 852 1012 891 puero
1047 839 1224 884 donata,
1259 837 1456 883 dolebas,

482 917 533 950 et
566 912 598 950 si
633 924 721 949 non
756 910 904 961 aliqua
935 910 1176 955 nocuisses,
1210 913 1410 946 mortuus
1444 919 1578 945 esses.

271 994 430 1044 quibus
464 993 638 1032 duobus
666 992 773 1031 locis
802 992 942 1031 altera
971 992 1203 1029 enuntiata
1233 990 1392 1028 eodem
1426 989 1579 1028 ordine
1610 989 1819 1027 coniunc-

270 1063 392 1101 tione
430 1065 526 1112 ⁷‚et“
558 1064 798 1102 coniuncta
830 1066 944 1108 sunt,
978 1074 1093 1112 quae
1116 1074 1224 1099 vero
1259 1060 1486 1098 sententia
1510 1064 1697 1105 tantum,
1730 1071 1818 1096 non

271 1133 443 1171 ratione
476 1133 776 1184 grammatica
808 1132 865 1170 ad
896 1144 1147 1183 pronomen
1180 1130 1415 1168 relativum
1449 1130 1706 1180 respiciunt.

388 1214 597 1265 Denique
636 1215 827 1253 studium
870 1214 1095 1266 quoddam
1136 1214 1365 1264 parataxis
1400 1213 1450 1250 iis
1483 1211 1589 1250 locis
1623 1211 1819 1250 animad-

272 1285 385 1322 verti
420 1285 620 1335 arbitror,
655 1285 815 1336 quibus
849 1285 903 1322 de
938 1285 1078 1322 tribus
1112 1284 1354 1322 enuntiatis
1386 1283 1605 1333 primariis
1628 1283 1818 1333 primum

273 1359 319 1391 et
357 1355 537 1392 tertium
579 1355 715 1393 artius
753 1356 869 1393 inter
906 1368 954 1392 se
994 1367 1125 1392 sensu
1166 1354 1359 1404 quodam
1402 1353 1651 1391 cohaerent
1688 1364 1820 1403 quam

273 1436 371 1462 cum
401 1424 620 1470 secundo;
655 1437 755 1462 nam
792 1429 982 1475 apparet
1015 1424 1099 1462 hoc
1133 1424 1385 1461 sententiae
1419 1422 1713 1474 praecedenti
1747 1428 1824 1460 aut

273 1495 480 1544 sequenti
525 1494 684 1533 eodem
732 1494 885 1533 ordine
930 1493 1068 1532 solum
1116 1500 1360 1545 propterea
1407 1493 1662 1531 adiunctum
1711 1505 1822 1538 esse,

275 1563 396 1614 quod
427 1563 667 1614 hypotaxis
699 1564 798 1602 stilo
832 1563 1018 1615 simplici
1042 1565 1186 1602 minus
1209 1569 1315 1614 apta
1340 1569 1438 1608 est;>
1463 1562 1672 1613 exempla
1696 1562 1823 1600 huius

274 1634 609 1683 compositionis
638 1635 960 1672 sententiarum
993 1634 1167 1671 etiamsi
1195 1633 1297 1671 alibi
1321 1645 1501 1684 quoque
1526 1633 1822 1677 inveniuntur,

274 1703 315 1740 in
349 1702 415 1740 his
447 1701 667 1741 Bucolicis
700 1716 781 1754 pro
814 1709 914 1742 rata
945 1708 1073 1755 parte
1107 1704 1215 1742 satis
1246 1702 1504 1754 frequentia
1536 1708 1650 1741 sunt.
1710 1700 1824 1741 Con-

272 1770 393 1810 feras
425 1771 555 1809 velim
591 1779 772 1823 praeter
805 1773 1039 1811 nonnullos
1079 1773 1242 1811 similes
1276 1773 1396 1812 locos
1431 1773 1564 1811 modo
1599 1772 1822 1811 laudatos:

277 1854 310 1889 3,
340 1854 504 1893 102sq.‚
539 1855 574 1891 3,
600 1855 771 1894 32sqq.‚
808 1854 842 1892 7,
871 1856 1038 1894 14sqq.,
1073 1845 1108 1888 ὁ,
1134 1846 1277 1894 Ssqq„
1310 1844 1390 1881 hos
1424 1856 1599 1881 versus:

276 1935 399 1972 2:25³
427 1936 522 1961 nec
555 1936 662 1961 sum
698 1923 829 1962 adeo
863 1923 1124 1963 informis:
1160 1938 1302 1975 nuper
1326 1938 1397 1963 me
1422 1926 1462 1963 in
1488 1926 1615 1963 litore
1640 1925 1739 1972 vidi,

427 2006 527 2032 cum
550 1993 773 2044 placidum
797 1995 944 2032 ventis
967 1999 1108 2032 staret
1132 2007 1273 2038 mare:
1306 2008 1404 2033 non
1437 2008 1537 2046 ego
1562 1995 1822 2046 Daphnim

427 2063 570 2101 iudice
604 2069 650 2101 te
684 2070 928 2106 metuam,
961 2065 996 2102 si
1029 2077 1270 2116 numquam
1306 2064 1417 2103 fallit
1449 2066 1613 2116 imago.

276 2145 312 2181 9,
329 2146 399 2181 51:
428 2134 592 2171 omnia
614 2132 717 2172 fert
739 2139 896 2180 aetas,
921 2136 1137 2173 animum
1163 2148 1380 2187 quoque:
1403 2148 1540 2187 saepe
1556 2148 1644 2187 ego
1663 2135 1823 2187 longos

427 2203 652 2241 cantando
687 2216 871 2254 puerum
909 2206 1089 2243 memini
1123 2219 1193 2243 me
1229 2206 1425 2244 condere
1459 2206 1596 2244 soles:

427 2284 562 2309 nunc
597 2271 765 2310 oblita
797 2273 921 2311 mihi
953 2279 1033 2312 tot
1065 2276 1318 2321 carmina;

276 2354 370 2389 4‚1:
426 2339 642 2380 Sicelides
676 2342 843 2390 Musae,
876 2343 1032 2394 paulo
1067 2345 1265 2383 maiora
1298 2358 1557 2384 canamus,

427 2424 516 2450 non
551 2425 708 2450 omnes
740 2413 922 2451 arbusta
954 2415 1109 2452 iuvant
1141 2415 1421 2466 humilesque
1456 2417 1673 2466 myricae:

427 2482 463 2519 si
495 2483 695 2519 canimus
728 2481 870 2528 silvas,
903 2483 1069 2521 silvae
1102 2485 1207 2522 sint
1240 2484 1457 2523 consule
1492 2485 1701 2537 dignae.

278 2563 602 2599 2‚31:mecum
637 2564 725 2589 una
756 2552 799 2590 in
833 2552 950 2591 silvis
983 2554 1266 2592 imitabere
1300 2554 1442 2593 Pana
1475 2556 1730 2594 canendo.

427 2619 520 2658 Pan
553 2622 744 2671 primum
779 2622 974 2660 calamos
1008 2636 1113 2662 cera
1145 2626 1422 2675 coniungere
1456 2625 1605 2676 plures

430 2691 629 2741 instituit,
661 2689 754 2729 Pan
791 2698 916 2730 curat
950 2706 1057 2731 oves
1091 2694 1328 2745 oviumque
1364 2696 1619 2746 magistros.

428 2772 524 2798 nec
558 2765 609 2798 te
642 2762 923 2812 paeniteat
955 2762 1156 2802 calamo
1191 2765 1405 2802 trivisse
1439 2764 1734 2813 labellum.¹)

394 2864 420 2906 1)
447 2863 586 2896 Versus
613 2874 667 2905 31.
687 2868 724 2897 et
744 2874 796 2906 34.
825 2869 895 2897 tam
924 2871 999 2899 arte
1022 2867 1113 2898 inter
1131 2877 1172 2899 se
1191 2867 1403 2907 cohaerent,
1431 2871 1469 2899 ut
1486 2878 1616 2900 versus
1638 2878 1690 2909 32.
1713 2872 1750 2900 et
1769 2878 1823 2909 33.

277 2920 478 2954 Ribbeck
506 2922 785 2965 interpolatione
813 2924 956 2957 additos
982 2935 1067 2957 esse
1094 2925 1318 2957 iudicaverit.
