2253 3443
1122 874 1207 919 ἄλλη
1236 872 1372 921 ἑκάστῳ
1398 876 1496 919 γένει
1525 873 1694 922 ἁρμόττει
1721 875 1824 914 λέξις,

1573 934 1752 961 Aristoteles,

466 1014 729 1053 Sermonem
755 1015 1062 1054 Bucolicorum
1090 1015 1332 1067 RVergilii
1355 1017 1549 1056 Maronis
1573 1031 1660 1056 non
1687 1020 1893 1058 omnibus·

348 1086 548 1136 partibus
567 1085 756 1124 eundem
778 1099 877 1123 esse
897 1092 1032 1137 atque
1049 1086 1230 1124 aliorum
1249 1088 1489 1125 carminum
1510 1088 1704 1126 eiusdem
1727 1098 1889 1139 poetae

349 1154 418 1193 vel
440 1156 543 1193 inde
567 1156 901 1206 suspicabimur,
927 1156 1058 1207 quod,
1081 1169 1178 1194 cum
1206 1158 1384 1195 nomine
1407 1164 1570 1208 poetae
1594 1171 1700 1195 vere
1729 1159 1890 1209 dignus

348 1232 477 1271 esset,
510 1238 655 1276 genus
689 1225 865 1263 dicendi
898 1226 952 1264 ad
986 1239 1058 1264 res
1088 1228 1232 1265 varias
1261 1228 1522 1265 tractandas
1552 1230 1734 1278 aptavit.
1791 1229 1886 1268 Nec

348 1308 453 1333 vero
488 1295 625 1334 solum
661 1309 744 1341 res,
777 1296 1022 1334 sedetiam
1057 1296 1102 1335 τὸ
1130 1296 1235 1348 ἦθος
1269 1298 1389 1348 quod
1422 1297 1580 1336 dicitur
1607 1298 1723 1336 aliud
1751 1306 1819 1336 est
1845 1300 1884 1337 in

347 1364 578 1411 Bucolicis,
603 1366 719 1403 aliud
742 1367 783 1403 in
810 1364 1045 1416 Georgicis
1069 1373 1114 1404 et
1136 1367 1363 1407 Aeneide:
1389 1380 1489 1405 nam
1517 1374 1563 1405 ut
1585 1369 1626 1405 in
1653 1367 1888 1419 Georgicis

346 1434 522 1473 labores
561 1448 689 1474 curas
731 1435 910 1473 delicias
945 1436 1239 1486 agricolarum
1276 1436 1547 1482 Italicorum,
1587 1439 1661 1488 qui
1695 1439 1733 1476 ei
1767 1439 1888 1477 cordi

347 1513 486 1551 erant,
520 1506 765 1544 celebravit
799 1512 845 1544 et
877 1512 972 1544 arte
1006 1519 1085 1544 sua
1108 1506 1350 1553 illustravit,
1386 1513 1433 1546 ut
1455 1509 1495 1545 in
1520 1508 1727 1546 Aeneide
1753 1509 1888 1546 admi-

345 1577 517 1614 ratione
546 1583 591 1613 et
619 1589 770 1614 amore
798 1577 970 1627 patriae
1004 1578 1199 1615 imbutus
1226 1578 1469 1628 primordia
1495 1579 1667 1628 imperii
1694 1577 1887 1616 Romani

346 1647 558 1692 narravit,
594 1647 653 1684 ita
686 1647 728 1684 in
766 1647 828 1684 his
863 1647 1032 1697 eclogis
1066 1647 1236 1685 Musam
1273 1661 1454 1686 suavem
1489 1647 1716 1686 ludentem
1752 1649 1885 1686 rebus

345 1716 643 1754 mediocribus
682 1716 955 1766 gaudentem
999 1715 1199 1755 Graecos
1238 1724 1397 1768 poetas
1443 1718 1668 1756 bucolicos
1707 1725 1887 1756 secutus

344 1785 489 1823 coluit.
557 1786 715 1837 Itaque
755 1788 1109 1838 exspectandum
1153 1795 1221 1825 est
1259 1788 1403 1826 stilum
1446 1788 1600 1826 horum
1642 1789 1884 1826 carminum

344 1856 653 1906 simpliciorem
685 1864 729 1894 et
758 1858 1057 1895 venustiorem
1089 1871 1187 1895 esse
1217 1871 1347 1909 quam
1378 1859 1622 1896 carminum
1648 1859 1886 1909 epicorum.

343 1925 413 1963 De
446 1925 544 1964 stilo
578 1928 727 1976 poesis
761 1926 990 1965 bucolicae
1025 1928 1131 1978 quid
1163 1929 1686 1974 veteresiudicaverint,
1720 1941 1886 1979 cogno-

343 1997 478 2034 scitur
511 2010 534 2033 e
568 1996 903 2047 prolegomenis
936 1999 1128 2049 antiquis
1163 1999 1216 2036 ad
1245 1998 1534 2037 Theocritum
1570 2004 1614 2035 et
1641 1997 1883 2048 Vergilium

343 2067 536 2116 scriptis;
570 2068 686 2105 inter
718 2067 830 2106 haec
862 2067 1095 2118 plurimum
1133 2069 1188 2106 de
1223 2082 1276 2106 ea
1308 2082 1356 2106 re
1392 2069 1599 2106 discimus
1632 2082 1655 2105 e
1692 2068 1882 2119 quodam

344 2136 584 2175 Anecdoto
610 2137 785 2175 Estensi
818 2139 860 2176 in
889 2138 924 2188 J.
947 2138 1142 2189 Kayseri
1177 2139 1489 2176 dissertatione
1513 2137 1731 2189 Lipsiensi
1761 2142 1885 2187 1900:

341 2206 411 2244 De
445 2213 647 2246 Veterum
683 2214 777 2246 arte
811 2210 989 2259 poetica
1024 2210 1312 2259 quaestiones
1339 2208 1534 2253 selectae
1562 2221 1700 2259 pagg.
1726 2211 1885 2259 56sqq.

342 2276 505 2327 publici
544 2278 646 2315 iuris
686 2277 826 2324 facto;
867 2280 988 2317 cuius
1021 2280 1062 2316 in
1098 2280 1244 2329 capite
1278 2278 1348 2323 ΠΙ,
1380 2281 1402 2317 ὁ
1436 2279 1549 2317 haec
1584 2279 1809 2328 leguntur:
1841 2277 1885 2316 τὸ

341 2346 592 2397 βουκολικὸν
623 2348 782 2399 ποίημα
812 2347 860 2386 τὰ
896 2348 972 2387 δύο
1006 2349 1109 2391 (scil.
1135 2348 1179 2387 τὸ
1212 2348 1343 2399 ἇὸρὸν
1376 2356 1421 2386 et
1452 2348 1497 2387 τὸ
1528 2349 1669 2399 μέσον)
1703 2347 1886 2399 ἐκφυγὸν

341 2415 386 2455 τὸ
409 2416 547 2468 ἰσχνὸν
569 2417 788 2463 ἀσπάζεται
810 2450 816 2456 .
839 2418 1010 2462 ἐννοίαις
1030 2434 1070 2457 τε
1093 2418 1170 2469 γὰρ
1194 2419 1352 2470 ἀνάγκη
1375 2420 1557 2470 χρῆσθαι
1578 2418 1886 2469 προσηκούσαις

342 2487 570 2538 ἀγροίκοις,
608 2488 756 2531 ταύτας
795 2488 839 2527 δὲ
877 2489 1155 2531 εὐτελεστάτας
1195 2489 1293 2527 εἶναι
1331 2489 1490 2540 ἀνάγκη
1529 2520 1535 2526 .
1569 2488 1693 2533 λέξεις
1729 2503 1770 2526 τε
1801 2491 1886 2530 ταῖς

342 2557 513 2600 ἐννοίαις
557 2558 634 2596 οὐκ
680 2557 924 2608 ἂπᾳόούσας
967 2558 1126 2610 ἀνάγκη
1167 2559 1281 2598 εἶναι·
1325 2558 1460 2601 ἄλλως
1505 2557 1582 2608 γὰρ
1627 2557 1886 2608 ἀσύμφωνος

341 2626 464 2671 οὗτὸς
498 2628 632 2679 ἑαυτῷ
666 2629 773 2667 ἔσται
806 2628 828 2667 ὁ
854 2628 976 2679 λόγος
999 2660 1005 2666 .
1030 2629 1251 2680 σύμπλέκει
1279 2628 1322 2667 ὸὲ
1349 2629 1467 2680 ὅμως
1493 2629 1606 2679 affui)
1633 2627 1676 2666 τὸ
1699 2626 1886 2678 ἀνθηρὸν

340 2700 423 2736 τῶν
459 2697 596 2748 λόγων
633 2698 758 2743 εἶδος,
799 2699 821 2737 ὃ
855 2698 904 2750 ὁὶ]
938 2699 1058 2749 χάριν
1090 2699 1198 2749 ὁμοῦ
1237 2698 1304 2737 καὶ
1344 2698 1494 2741 κάλλος
1526 2699 1621 2749 ἔχον
1652 2698 1783 2747 τέρπει
1816 2696 1883 2734 καὶ

343 2766 428 2818 ἥὸει
467 2767 609 2818 ὥσπερ
648 2768 779 2812 ἄνθος
815 2768 909 2812 τοὺς
941 2768 1159 2818 ἀκροατάς.
1222 2768 1269 2806 In
1305 2768 1389 2806 hoc
1424 2767 1532 2805 libro
1567 2768 1702 2817 igitur
1735 2771 1883 2803 aetate

341 2837 690 2888 Byzantinorum
738 2839 922 2889 scripto,
976 2840 1098 2876 cuius
1143 2837 1260 2884 fons,
1314 2845 1359 2876 ut
1403 2837 1689 2888 plurimorum
1734 2835 1881 2873 talium

343 2907 600 2954 libellorum,
627 2908 682 2946 ad
711 2921 822 2959 opus
847 2909 1068 2959 quoddam
1095 2908 1502 2946 Alexandrinorum
1529 2907 1673 2944 redire
1697 2906 1884 2948 videtur,
