2222 3417
876 274 1165 309 —41—

252 391 359 416 sane
398 379 544 429 posita
584 382 653 415 est
687 377 978 416 substantivis
1012 390 1258 428 eorumque
1293 378 1529 416 attributis.
1590 377 1800 428 Denique

252 461 308 486 ex
353 448 563 486 antithesi
609 447 902 499 aequabilitas
947 447 1325 486 hemistichiorum
1375 453 1481 486 nata
1523 454 1592 485 est
1630 448 1671 485 in
1714 461 1800 485 uno

254 531 382 556 versu
417 519 513 569 (15),
546 519 586 556 in
623 531 710 569 quo
744 519 900 556 verba:
935 517 1123 556 alio—alio
1158 517 1423 556 correlativa
1455 523 1570 556 sunt.

371 587 460 627 Sed
498 594 544 626 ut
575 589 908 627 demonstretur
936 588 1022 627 hoc
1052 587 1249 626 notabile
1279 588 1471 626 studium
1502 589 1802 639 symmetriae,

253 658 372 709 quod
406 660 447 696 in
482 659 567 697 hoc
601 659 855 710 hymenaeo
891 660 1168 705 observatur,
1200 659 1428 709 pertinere
1458 671 1546 696 non
1578 658 1633 696 ad
1658 664 1798 696 artem

255 728 446 779 doctam,
476 730 737 780 quaesitam,
769 728 1098 780 aequabilitatis
1122 729 1250 766 nimis
1273 729 1517 766 studiosam
1543 727 1797 766 inferiorum

254 803 520 849 temporum,
553 799 633 837 sed
667 799 723 837 ad
755 798 1082 850 simplicitatem
1122 811 1173 837 ac
1206 799 1472 837 suavitatem
1509 799 1659 849 poesis
1692 799 1802 836 anti-

253 881 387 919 quae,
427 882 545 907 nunc
584 868 812 907 conferam
854 868 959 907 illud
999 868 1207 920 epyllium
1242 867 1400 907 Catulli
1433 870 1482 916 (c.
1507 870 1593 917 64),
1627 869 1666 906 in
1703 881 1802 919 quo,

252 940 453 989 quamvis
498 939 602 977 talia
648 953 672 977 a
715 953 886 990 genere
929 939 1106 977 dicendi
1146 952 1233 977 non
1275 938 1419 976 aliena
1457 940 1545 977 sint
1583 937 1651 981 (cf.
1684 938 1802 989 May,

250 1021 388 1060 pagg.
413 1009 606 1061 8osqq.),
650 1010 763 1047 haec
808 1010 1089 1048 hemistichia
1134 1008 1345 1060 parallela
1386 1008 1523 1046 multo
1562 1009 1702 1046 rarius
1740 1010 1802 1046 in-

249 1080 499 1118 veniuntur.
551 1079 599 1117 In
635 1093 689 1118 eo
723 1085 948 1130 poemate,
982 1081 1050 1117 cui
1078 1081 1160 1127 408
1190 1092 1345 1117 versus
1375 1078 1445 1116 vel
1476 1079 1570 1116 sine
1600 1080 1802 1129 repetitis

249 1149 451 1188 versibus
486 1154 567 1198 300
602 1156 722 1196 sunt,
755 1150 1041 1188 inveniuntur
1073 1149 1117 1187 hi
1149 1162 1322 1196 versus,
1357 1149 1398 1186 in
1435 1150 1594 1200 quibus
1627 1148 1800 1199 singula

251 1220 391 1258 verba
423 1220 803 1258 hemistichiorum
840 1220 923 1258 sibi
954 1219 1244 1270 respondent.

957 1336 986 1383 Ι,
1020 1349 1092 1375 Ia:

253 1417 296 1471 α)
336 1431 431 1467 140:
707 1431 795 1456 non
830 1418 943 1456 haec
977 1419 1139 1456 misere
1172 1431 1356 1469 sperare
1390 1418 1590 1463 iubebas,

461 1493 542 1550 sed
569 1494 763 1550 coniibia
791 1492 919 1558 laeta,
949 1511 953 1563 Ι
982 1492 1063 1549 sed
1091 1491 1271 1562 optatos
1301 1504 1590 1562 hymenaeos.

487 1598 495 1612 1
657 1599 667 1614 2
858 1597 868 1613 3
1052 1598 1061 1612 1
1276 1597 1286 1612 :3
1529 1598 1540 1612 ’ἒ

332 1619 429 1665 146:
462 1617 519 1656 nil
555 1623 762 1656 metuunt
794 1619 949 1665 iurare,
979 1617 982 1668 Ι
1013 1617 1115 1655 nihil
1149 1618 1413 1667 promittere
1446 1622 1648 1667 parcunt.

1475 1701 1485 1716 :3

330 1725 427 1770 148:
461 1703 580 1761 dicta
613 1704 716 1760 nihil
751 1702 966 1769 metuere,
995 1723 999 1773 Ι
1029 1713 1131 1760 nihil
1166 1703 1357 1772 periuria
1390 1728 1559 1768 curant.

954 1839 1094 1886 Lib:

783 1915 794 1930 ’.ἒ
937 1923 940 1928 -
1301 1914 1312 1928 2
1490 1911 1500 1927 3
1697 1912 1707 1925 3

250 1933 289 1982 α)
330 1936 400 1972 682
463 1934 542 1971 sed
567 1914 715 1984 neque
743 1939 835 1971 tum
863 1913 1021 1971 llli‘grae
1051 1934 1055 1985 Ι
1085 1914 1234 1984 neque
1258 1938 1349 1970 tum
1375 1931 1589 1969 fluitantis
1613 1932 1800 1968 amictus

460 2014 533 2053 illa
558 2016 701 2053 vicem
735 2027 895 2053 curans
920 2046 927 2053 .
950 2046 958 2053 .
982 2045 989 2053 .
1014 2027 1071 2052 ex
1097 2019 1142 2052 te
1166 2045 1173 2052 .
1197 2045 1204 2052 .
1229 2045 1236 2052 .
1259 2013 1439 2051 Theseu
1465 2044 1472 2051 .
1496 2044 1503 2051 .
1527 2043 1534 2050 .
1558 2012 1800 2063 pendebat.

328 2121 427 2157 254:
463 2121 579 2159 quae
612 2114 702 2146 tum
741 2107 911 2146 alacres
944 2109 1108 2158 passim
1143 2107 1375 2158 lymphata
1409 2084 1559 2144 mente
1590 2104 1802 2143 furebant

463 2182 609 2240 euhoe
645 2183 933 2248 baccliantes,
962 2201 966 2252 Ι
996 2182 1140 2239 euhoe
1175 2181 1324 2251 capzita
1356 2181 1651 2238 inflecssentes.

954 2317 983 2363 Ι,
1013 2318 1095 2356 2b:

251 2411 293 2464 α)
357 2414 428 2461 96:
463 2392 669 2462 quaeque
696 2412 818 2462 regis
841 2392 1014 2462 Gosgos
1043 2410 1047 2461 Ι
1077 2391 1285 2462 quaeque
1313 2390 1497 2448 Idalium
1528 2389 1801 2453 froncsosum,

330 2519 429 2555 226:
463 2497 640 2555 nostros
675 2522 721 2553 ut
755 2497 897 2554 luc²tus
927 2517 930 2569 Ι
960 2495 1233 2565 nostraeque
1268 2513 1475 2552 incendia
1504 2513 1666 2550 mentis

463 2599 676 2637 carbasus
710 2599 949 2636 obscurata
983 2598 1115 2635 decet
1150 2596 1379 2646 ferrugine
1413 2594 1596 2633 Hibera.

331 2707 430 2752 336:
464 2684 603 2754 qualis
637 2704 766 2741 adest
797 2684 989 2748 Thelidi‚
1017 2701 1021 2752 Ι
1053 2682 1194 2752 qualis
1226 2699 1469 2738 concordia
1500 2680 1648 2736 Peleo.

255 2808 292 2855 ὁ)
392 2821 432 2847 2:
466 2808 672 2846 dicuntur
705 2807 892 2858 liquidas
925 2806 1126 2857 Neptuni
1159 2818 1289 2843 nasse
1323 2817 1405 2856 per
1438 2804 1578 2842 undas

464 2882 681 2939 Phasidos
715 2901 770 2938 acl
802 2882 962 2938 fludtus
992 2899 996 2951 Ι
1026 2906 1070 2937 et
1104 2880 1214 2937 finies
1249 2878 1491 2936 Aeetiieos.
