2253 3443
959 705 1136 767 Caput
1173 703 1209 753 Ι.

452 806 531 852 De
558 802 865 867 symmetria
893 797 1344 847 hemistichiorum
1378 800 1430 842 et
1457 808 1714 840 versuum.

429 923 552 962 111161-
585 919 787 961 artificia.
829 919 989 970 quibus
1021 914 1234 954 Bucolica
1256 912 1444 963 Vergilii
1477 910 1689 961 imprimis
1723 908 1859 945 abun-

315 995 434 1041 dant⁷
468 993 620 1044 magni
649 990 864 1029 momenti
893 1001 991 1026 esse
1017 993 1123 1038 puto
1147 985 1340 1024 studium
1366 981 1589 1034 quoddam
1621 976 1860 1029 aequabili-

313 1066 418 1103 tatis
464 1063 780 1102 membrorum.
856 1057 954 1108 Quo
1002 1057 1267 1095 suavitatem
1317 1051 1431 1090 effici
1477 1051 1609 1088 etiam
1657 1049 1861 1086 rhetores

316 1135 560 1179 docebant,
600 1132 654 1171 cf.
681 1130 957 1175 Demetrius,
994 1126 1086 1178 περὶ
1119 1124 1337 1177 ἑρμηνείας
1374 1121 1398 1176 ξ
1437 1134 1533 1170 154:
1572 1118 1782 1161 Πολλάκις
1820 1116 1863 1155 δὲ

316 1205 385 1244 καὶ
417 1204 535 1244 κῶλα
568 1203 694 1255 ὅμοια
727 1201 915 1252 ἐποίησεν
947 1198 1076 1250 χάριν.
1130 1195 1244 1234 Nam
1276 1193 1380 1232 talia
1408 1192 1610 1231 membra
1643 1189 1863 1227 concinna

317 1275 582 1326 plerumque
623 1273 679 1311 ad
719 1273 890 1310 animos
930 1267 1221 1307 delectandos
1261 1270 1307 1302 et
1340 1260 1686 1315 permulcendos
1727 1257 1863 1296 multo

318 1346 490 1397 aptiora
515 1350 628 1390 sunt,
653 1355 785 1394 quam
813 1341 866 1379 ad
893 1340 1188 1378 vehementer
1211 1332 1575 1374 commovendos.
1619 1329 1864 1378 Praecipue

318 1417 361 1454 in
389 1415 559 1466 eclogis
587 1414 790 1452 membra
819 1409 1114 1462 grammatice
1144 1405 1304 1445 eodem
1334 1403 1488 1442 ordine
1517 1401 1754 1439 coniuncta
1778 1410 1864 1435 non

320 1486 460 1525 solum
495 1485 722 1523 sententia
756 1483 962 1520 universa
995 1485 1041 1516 et
1074 1476 1371 1528 longitudine,
1413 1473 1492 1511 sed
1526 1472 1658 1509 etiam
1696 1469 1866 1506 ratione

321 1556 596 1607 singulorum
644 1554 882 1593 verborum
923 1551 1006 1588 sibi
1043 1547 1322 1599 respondent
1367 1550 1502 1594 atque
1542 1541 1723 1593 paribus
1763 1537 1868 1576 colis

325 1627 519 1666 metricis
553 1626 853 1663 continentur.
915 1620 1043 1659 Haec
1068 1618 1271 1657 membra
1295 1613 1510 1666 aequalia,
1544 1621 1816 1663 quamquam
1846 1622 1869 1645 a

323 1709 531 1736 sermone
560 1696 688 1746 epico
713 1706 800 1732 non
826 1703 1006 1744 prorsus
1030 1689 1175 1728 aliena
1201 1692 1313 1732 sunt,
1347 1692 1498 1723 tamen
1529 1681 1665 1720 multo
1694 1679 1871 1729 saepius

324 1769 364 1806 in
401 1766 671 1806 carminibus
705 1762 916 1802 bucolicis
951 1760 1150 1799 adhibita
1184 1770 1282 1795 esse
1313 1756 1623 1793 demonstrare
1654 1752 1694 1788 in
1724 1750 1870 1787 animo

326 1838 493 1882 habeo;
530 1835 692 1873 deinde
727 1844 958 1884 exponere
993 1829 1204 1875 conabor,
1238 1826 1354 1865 unde
1378 1825 1422 1863 id
1445 1823 1636 1862 studium
1662 1822 1703 1858 111
1729 1831 1872 1870 genus

326 1907 578 1947 bucolicum
610 1904 802 1944 fluxerit.
856 1901 948 1941 Sed
981 1900 1085 1939 mihi
1118 1895 1561 1937 commemorandum
1591 1898 1660 1929 est
1687 1890 1793 1928 alios
1821 1901 1873 1926 61

328 1979 413 2016 iam
440 1977 664 2028 attigisse:
688 1973 913 2017 Gebauer,
937 1971 960 2010 1.
983 1970 1006 2009 1.
1011 1982 1182 2021 ⁷.pagg
1208 1979 1390 2016 35—54,
1417 1965 1533 2002 enim
1559 1962 1680 2001 varia
1702 1971 1874 2011 genera

329 2048 587 2099 anaphorae
612 2059 635 2084 a
652 2045 895 2083 Theocrito
911 2041 951 2080 V
957 2040 1112 2092 ergilio
1138 2038 1231 2077 aliis
1254 2037 1401 2089 poetis
1425 2022 1624 2073 adhibita
1646 2029 1874 2069 tractavit:

330 2131 429 2158 cum
456 2123 604 2156 autem
631 2128 733 2154 usus
756 2113 1026 2164 anaphorae,
1047 2123 1133 2162 qua
1156 2108 1359 2147 membra
1379 2118 1511 2156 aequ
1500 2103 1582 2142 alia
1600 2101 1877 2141 inchoantur,

332 2195 428 2228 arte
457 2188 702 2227 cohaereat
728 2197 826 2224 cum
858 2183 942 2222 hac
969 2180 1243 2233 symmetria,
1271 2179 1356 2216 iam
1387 2177 1589 2227 apertum
1621 2178 1691 2210 est
1718 2170 1878 2209 multos

331 2260 453 2298 locos
477 2270 627 2296 eorum
653 2261 890 2307 poetarum
916 2267 941 2291 a
964 2253 1092 2290 nobis
1116 2251 1185 2288 hic
1210 2246 1464 2286 afferendos
1488 2245 1619 2282 etiam
1650 2244 1691 2280 in
1721 2241 1879 2278 disser-

333 2331 504 2368 tatione
539 2326 769 2367 Gebaueri
802 2324 1006 2362 laudatos
1040 2334 1150 2359 esse.
1210 2317 1300 2358 Sed
1334 2317 1521 2368 primum
1557 2313 1679 2352 locos
1713 2322 1880 2354 01111165,

335 2401 496 2452 quibus
528 2396 791 2449 symmetria
823 2394 1127 2432 membrorum
1167 2390 1261 2428 sine
1295 2381 1563 2438 repetitione
1605 2384 1881 2423 observatur,

335 2471 499 2515 omisit,
545 2467 692 2507 attulit
731 2464 956 2515 exempla,
1000 2464 1042 2500 in
1083 2462 1242 2512 quibus
1281 2456 1456 2508 singula
1496 2455 1633 2493 verba
1672 2452 1753 2490 sibi
1794 2462 1881 2488 non

336 2539 633 2592 respondent;
669 2536 831 2575 deinde
866 2547 953 2572 non
989 2531 1220 2583 quaesivit
1254 2540 1356 2567 num
1386 2526 1584 2564 carmina
1611 2521 1814 2561 bucolica
1841 2520 1881 2557 in

338 2624 392 2649 ea
423 2624 472 2649 re
507 2610 562 2648 ab
598 2608 690 2647 aliis
724 2605 967 2645 differrent.
1019 2602 1140 2640 ldem
1177 2601 1217 2638 in
1252 2611 1357 2650 pag.
1382 2600 1541 2647 5osqq.
1571 2595 1627 2632 de
1661 2590 1884 2631 concinni-

338 2687 433 2720 tate
475 2686 522 2718 et
559 2676 859 2729 congruentia
897 2685 1103 2712 versuum
1141 2670 1248 2721 egit.
1309 2667 1458 2705 Primo
1492 2665 1589 2703 loco
1622 2661 1884 2702 brevissime

341 2750 576 2790 nonnullos
599 2747 827 2786 Theocriti
855 2751 901 2783 et
924 2741 1111 2793 Vergilii
1144 2752 1300 2778 versus
1333 2737 1496 2782 laudat,
1529 2744 1714 2786 quorum
1751 2730 1886 2768 hemi-

341 2821 501 2861 stichia
538 2820 621 2858 sibi
656 2816 953 2868 respondent:
994 2812 1075 2851 sed
1107 2812 1149 2849 in
1183 2807 1403 2847 nonnullis
1436 2807 1592 2844 horum
1627 2800 1887 2853 symmetria

343 2898 516 2931 tantum
564 2888 806 2933 sententia,
855 2898 943 2924 non
988 2881 1174 2933 singulis
1220 2878 1475 2917 notionibus
1520 2875 1690 2912 nititur:
1739 2882 1890 2908 rursus
