2222 3417
953 262 1242 299 *60—

321 378 546 416 sententia
580 377 763 428 propius
796 376 852 415 ad
885 377 1055 428 poesim
1091 377 1340 415 bucolicam
1376 376 1577 416 accedat.
1630 376 1677 415 In
1710 376 1872 428 epyllio

320 446 512 499 Εὐρώπη
548 460 601 486 ea
634 447 896 498 symmetria
929 447 996 485 his
1029 446 1136 485 locis
1169 446 1369 485 adhibita
1402 452 1488 484 est:

830 538 840 553 1
959 538 970 554 -ε
1065 539 1077 554 -2
1266 540 1277 553 -.·
1455 537 1464 552 1
1578 539 1590 554 2².
1715 539 1727 555 -ι

327 571 422 607 132:
532 558 700 610 φαίνετο
733 557 768 597 δ’
797 557 881 597 οὔτ’
910 557 1012 610 ἀκτή
1045 573 1102 601 τις
1130 559 1134 607 Ι
1163 557 1389 608 ἄλίρροθος
1421 554 1505 596 οὔτ’
1534 558 1635 608 ὄρος
1666 558 1776 597 αἰπύ.

655 632 663 646 ι
929 633 940 648 ·.’
1188 632 1200 647 ¹:
1326 631 1334 646 1
1548 632 1560 648 ρ

351 654 421 699 65:
530 654 616 690 τῶν
648 653 671 703 ἢ
703 651 780 703 μὲν
812 651 1034 702 νάρκισσον
1063 651 1067 702 Ι
1096 651 1286 694 ἓύπνοον,
1321 652 1343 702 ἢ
1379 649 1414 689 δ’
1442 651 1647 691 ὑάκινθον

532 734 554 784 ἢ
590 731 625 771 δ’
655 733 728 777 ἴον,
764 734 786 784 ἢ
821 732 856 771 δ’
885 732 1086 784 ἕρπυλλον
1118 733 1328 777 ἀπαίνυτο,

320 838 393 888 qui
419 850 573 876 versus
597 851 684 876 non
711 838 995 876 existimandi
1018 845 1122 876 sunt
1145 837 1353 889 exempla
1377 839 1633 888 insigniora,
1661 840 1868 890 quoniam

320 909 360 946 in
386 909 435 945 iis
458 908 720 958 symmetria
745 921 802 946 ex
827 921 904 946 usu
929 909 1168 946 verborum
1195 908 1562 947 correlativorum
1587 909 1712 960 quasi
1733 907 1872 947 fluxit.

318 977 365 1015 In
400 979 597 1016 carmine
630 977 811 1029 JIeya'Qa
844 977 1006 1016 nullum
1040 977 1174 1016 talem
1209 991 1382 1016 versum
1409 979 1570 1017 inveni.
1628 978 1741 1018 Hinc
1765 992 1872 1031 quo-

319 1061 406 1099 que
452 1049 683 1099 cognitum
732 1055 801 1087 est
847 1048 980 1086 talem
1029 1048 1393 1100 aequabilitatem
1437 1050 1652 1100 imprimis
1689 1050 1872 1101 generis

320 1118 508 1156 bucolici
540 1120 766 1169 propriam
802 1132 913 1158 esse.

435 1186 753 1239 Symmetriain
781 1189 1160 1227 hemistichiorum
1187 1190 1227 1227 in
1252 1187 1277 1242 ξ
1301 1203 1332 1236 1,
1360 1195 1407 1227 ut
1437 1190 1722 1228 ostenderem
1755 1190 1871 1229 hanc

317 1259 358 1296 in
399 1260 524 1309 poesi
565 1259 699 1297 docta
740 1272 827 1297 non
869 1260 1014 1310 magis
1049 1272 1181 1310 quam
1218 1261 1260 1297 iu
1294 1260 1565 1298 carminibus
1598 1260 1871 1311 simplicibus

318 1329 562 1367 adhibitam
589 1342 699 1374 esse,
722 1336 987 1380 persecutus
1010 1343 1103 1368 sum
1130 1342 1212 1381 per
1235 1331 1431 1368 carmina
1458 1332 1523 1369 62.
1545 1336 1591 1368 et
1612 1332 1678 1378 64.
1700 1329 1871 1370 Catulli.

318 1398 482 1437 Eadem
525 1401 698 1438 ratione
739 1399 967 1438 conferam
1011 1400 1221 1451 exempla
1265 1401 1580 1439 concinnitatis
1619 1401 1703 1440 hac
1742 1414 1869 1452 para-

317 1469 492 1520 grapho
516 1476 751 1513 tractatae,
786 1483 901 1521 quae
926 1471 967 1508 in
992 1470 1059 1508 his
1083 1470 1257 1509 duobus
1280 1471 1551 1509 carminibus
1574 1472 1870 1510 inveniuntur.

314 1538 363 1577 In
398 1541 596 1578 carmine
632 1542 698 1578 62.
731 1540 800 1578 hic
835 1554 989 1578 versus
1023 1542 1232 1579 occurrit:

569 1631 577 1646 1

344 1662 418 1699 47:
529 1663 613 1690 nec
647 1644 796 1702 pueris
829 1632 1019 1690 iueu‘iida
1051 1659 1054 1697 ι
1084 1658 1238 1690 manet
1270 1633 1354 1691 nec
1383 1645 1486 1691 cara
1517 1632 1685 1704 puellis.

434 1748 478 1786 In
515 1749 678 1800 epyllio
712 1756 861 1788 autem
898 1750 1010 1789 haec
1044 1750 1253 1802 exempla
1287 1752 1590 1791 inveniuntur:

322 1862 419 1898 166:
531 1841 615 1899 nec
650 1863 805 1899 missas
839 1843 991 1900 aucsire
1022 1862 1026 1912 Ι
1056 1869 1227 1914 queunt
1261 1843 1344 1901 nec
1376 1844 1569 1902 reddere
1601 1876 1750 1911 voces,

434 1937 507 1975 ubi
542 1938 733 1988 quodam
772 1938 906 1976 modo
940 1939 1073 1976 etiam
1111 1939 1222 1977 haec
1260 1940 1467 1989 „inissas“
1499 1947 1545 1978 et
1571 1943 1758 1989 ‚‚voces“
1784 1941 1865 1979 sibi

526 2014 822 2064 respondent;

321 2106 418 2132 101:
531 2107 628 2133 cum
665 2108 846 2134 saevum
883 2097 1068 2147 cupiens
1101 2102 1261 2135 contra
1287 2097 1565 2136 contendere
1594 2106 1841 2136 monstrum

527 2169 603 2226 aiit
631 2181 817 2227 mor—tem
849 2195 1089 2241 appeteret
1118 2188 1122 2242 Ι
1152 2189 1354 2229 Theseus
1382 2171 1459 2229 aiit
1485 2182 1684 2242 praemia
1713 2184 1865 2230 laudis.

345 2283 418 2328 85:
529 2263 864 2333 magnanimum
899 2283 953 2321 ad
986 2276 1134 2322 Minoa
1168 2331 1169 2336 ¹
1201 2285 1324 2322 venit
1353 2276 1578 2336 sedesque
1601 2266 1865 2336 supelrbasff)

434 2384 649 2425 Videmus
678 2389 812 2438 igitur
839 2389 878 2426 in
905 2388 989 2426 hoe
1014 2389 1176 2440 epyllio
1202 2389 1411 2440 exempla
1435 2391 1528 2428 eius
1551 2391 1865 2429 concinnitatis

315 2469 460 2507 neque
494 2469 573 2507 pro
609 2471 794 2496 numero
829 2460 1021 2498 omnium
1054 2472 1260 2497 versuum
1294 2460 1453 2498 erebra
1484 2466 1530 2498 et
1559 2460 1864 2499 multominus

314 2526 502 2575 insignia
537 2540 636 2564 esse
670 2540 800 2578 quain
838 2529 1090 2579 exemplum
1133 2529 1391 2580 hymenaei:
1437 2543 1537 2568 nain
1580 2531 1619 2568 in
1662 2531 1863 2570 versibus

321 2598 410 2633 100.
435 2603 481 2634 et
516 2609 605 2635 102.
639 2604 819 2648 praeter
857 2599 1195 2637 coniunctiones
1234 2599 1523 2638 correlativas
1564 2606 1736 2638 tantum
1778 2602 1863 2639 sin-

311 2665 446 2715 gulae
482 2667 687 2705 notiones
720 2669 800 2706 sibi
835 2669 1126 2720 respondent,
1152 2671 1193 2708 in
1220 2683 1349 2708 versu
1379 2672 1444 2719 85.
1480 2676 1652 2709 tantum
1687 2670 1864 2722 singula

434 2770 457 2810 Ι)
487 2770 522 2801 ln
551 2771 607 2803 his
634 2772 800 2803 versibus
827 2782 1098 2805 numeraremus
1125 2773 1231 2805 etiam
1261 2773 1372 2805 hunc:

319 2840 396 2870 118:
524 2844 583 2881 „ut
610 2841 904 2883 consanguineae
933 2844 937 2885 Ι
966 2843 1211 2886 complexum,
1239 2848 1275 2875 ut
1303 2844 1461 2886 (lenique
1488 2844 1632 2876 matris⁶⁴

312 2909 376 2941 nisi
404 2909 450 2941 de
479 2909 549 2942 hoe
578 2911 742 2950 „matris“
770 2912 992 2944 enuntiatum
1020 2913 1209 2945 relativum
1237 2914 1426 2956 penderet.
