<?xml version="1.0" encoding="UTF-8"?>
<!DOCTYPE html PUBLIC "-//W3C//DTD XHTML 1.0 Transitional//EN"
    "http://www.w3.org/TR/xhtml1/DTD/xhtml1-transitional.dtd">
<html xmlns="http://www.w3.org/1999/xhtml" xml:lang="en" lang="en">
 <head>
  <title>
</title>
<meta http-equiv="Content-Type" content="text/html;charset=utf-8" />
  <meta name='ocr-system' content='tesseract 3.04.00' />
  <meta name='ocr-capabilities' content='ocr_page ocr_carea ocr_par ocr_line ocrx_word'/>
</head>
<body>
  <div class='ocr_page' id='page_1' title='image "./devergiliistilob00gimmuoft_0086.png"; bbox 0 0 2222 3417; ppageno 0'>
   <div class='ocr_carea' id='block_1_1' title="bbox 955 268 1246 304">
    <p class='ocr_par' dir='ltr' id='par_1_1' title="bbox 955 268 1246 304">
     <span class='ocr_line' id='line_1_1' title="bbox 955 268 1246 304; baseline -0.01 -9"><span class='ocrx_word' id='word_1_1' title='bbox 955 268 1246 304; x_wconf 57' lang='lat'><strong><em>„82-</em></strong></span> 
     </span>
    </p>
   </div>
   <div class='ocr_carea' id='block_1_2' title="bbox 311 377 1894 1769">
    <p class='ocr_par' dir='ltr' id='par_1_2' title="bbox 311 377 1890 1556">
     <span class='ocr_line' id='line_1_2' title="bbox 329 377 1877 441; baseline -0.008 -13"><span class='ocrx_word' id='word_1_2' title='bbox 329 395 464 441; x_wconf 86' lang='lat' dir='ltr'>atque</span> <span class='ocrx_word' id='word_1_3' title='bbox 481 388 637 426; x_wconf 84' lang='lat' dir='ltr'>animis</span> <span class='ocrx_word' id='word_1_4' title='bbox 652 386 897 437; x_wconf 86' lang='lat' dir='ltr'>legentium</span> <span class='ocrx_word' id='word_1_5' title='bbox 913 382 1155 434; x_wconf 85' lang='lat' dir='ltr'>effingitur.</span> <span class='ocrx_word' id='word_1_6' title='bbox 1192 380 1412 432; x_wconf 83' lang='lat' dir='ltr'><strong>Imprimis</strong></span> <span class='ocrx_word' id='word_1_7' title='bbox 1427 377 1877 418; x_wconf 87' lang='lat' dir='ltr'>animadvertendum</span> 
     </span>
     <span class='ocr_line' id='line_1_3' title="bbox 329 449 1880 507; baseline -0.008 -9"><span class='ocrx_word' id='word_1_8' title='bbox 329 465 399 498; x_wconf 89' lang='lat' dir='ltr'>est</span> <span class='ocrx_word' id='word_1_9' title='bbox 430 460 472 497; x_wconf 93' lang='lat' dir='ltr'>in</span> <span class='ocrx_word' id='word_1_10' title='bbox 505 464 574 497; x_wconf 85' lang='lat' dir='ltr'>tot</span> <span class='ocrx_word' id='word_1_11' title='bbox 597 455 815 507; x_wconf 74' lang='lat' dir='ltr'>exemplis</span> <span class='ocrx_word' id='word_1_12' title='bbox 837 455 1026 494; x_wconf 90' lang='lat' dir='ltr'>verbum</span> <span class='ocrx_word' id='word_1_13' title='bbox 1059 454 1102 491; x_wconf 92' lang='lat' dir='ltr'>in</span> <span class='ocrx_word' id='word_1_14' title='bbox 1131 451 1348 503; x_wconf 89' lang='lat' dir='ltr'>principio</span> <span class='ocrx_word' id='word_1_15' title='bbox 1377 462 1535 488; x_wconf 91' lang='lat' dir='ltr'>versus</span> <span class='ocrx_word' id='word_1_16' title='bbox 1557 449 1750 500; x_wconf 89' lang='lat' dir='ltr'>positum</span> <span class='ocrx_word' id='word_1_17' title='bbox 1775 452 1880 499; x_wconf 89' lang='lat' dir='ltr'>post</span> 
     </span>
     <span class='ocr_line' id='line_1_4' title="bbox 330 519 1879 574; baseline -0.008 -6"><span class='ocrx_word' id='word_1_18' title='bbox 330 541 562 567; x_wconf 81' lang='lat' dir='ltr'>caesuram</span> <span class='ocrx_word' id='word_1_19' title='bbox 587 526 658 566; x_wconf 88' lang='lat' dir='ltr'>vel</span> <span class='ocrx_word' id='word_1_20' title='bbox 687 525 934 565; x_wconf 86' lang='lat' dir='ltr'>bucolicam</span> <span class='ocrx_word' id='word_1_21' title='bbox 959 523 1032 562; x_wconf 88' lang='lat' dir='ltr'>vel</span> <span class='ocrx_word' id='word_1_22' title='bbox 1059 521 1421 574; x_wconf 85' lang='lat' dir='ltr'>semiquinariam</span> <span class='ocrx_word' id='word_1_23' title='bbox 1434 519 1464 569; x_wconf 85' lang='lat'>¹&gt;</span> <span class='ocrx_word' id='word_1_24' title='bbox 1496 520 1738 571; x_wconf 88' lang='lat' dir='ltr'>repetitum</span> <span class='ocrx_word' id='word_1_25' title='bbox 1767 530 1879 565; x_wconf 87' lang='lat' dir='ltr'>esse,</span> 
     </span>
     <span class='ocr_line' id='line_1_5' title="bbox 331 588 1879 651; baseline -0.008 -13"><span class='ocrx_word' id='word_1_26' title='bbox 331 612 447 651; x_wconf 89' lang='lat' dir='ltr'>quae</span> <span class='ocrx_word' id='word_1_27' title='bbox 481 597 714 637; x_wconf 72' lang='lat' dir='ltr'>collocatio</span> <span class='ocrx_word' id='word_1_28' title='bbox 748 596 965 647; x_wconf 89' lang='lat' dir='ltr'>insignior</span> <span class='ocrx_word' id='word_1_29' title='bbox 997 593 1055 631; x_wconf 88' lang='lat' dir='ltr'>ad</span> <span class='ocrx_word' id='word_1_30' title='bbox 1086 598 1267 631; x_wconf 84' lang='lat' dir='ltr'>cantum</span> <span class='ocrx_word' id='word_1_31' title='bbox 1293 589 1634 642; x_wconf 77' lang='lat' dir='ltr'>exprimendum</span> <span class='ocrx_word' id='word_1_32' title='bbox 1665 588 1879 640; x_wconf 87' lang='lat' dir='ltr'>imprimis</span> 
     </span>
     <span class='ocr_line' id='line_1_6' title="bbox 331 660 1881 713; baseline -0.007 -6"><span class='ocrx_word' id='word_1_33' title='bbox 331 669 492 707; x_wconf 87' lang='lat' dir='ltr'>idonea</span> <span class='ocrx_word' id='word_1_34' title='bbox 526 680 624 706; x_wconf 91' lang='lat' dir='ltr'>esse</span> <span class='ocrx_word' id='word_1_35' title='bbox 660 667 764 705; x_wconf 89' lang='lat' dir='ltr'>mihi</span> <span class='ocrx_word' id='word_1_36' title='bbox 796 665 984 704; x_wconf 86' lang='lat' dir='ltr'>videtur.</span> <span class='ocrx_word' id='word_1_37' title='bbox 1037 661 1170 713; x_wconf 78' lang='lat' dir='ltr'>Quod</span> <span class='ocrx_word' id='word_1_38' title='bbox 1192 662 1386 700; x_wconf 77' lang='lat' dir='ltr'>maxime</span> <span class='ocrx_word' id='word_1_39' title='bbox 1420 673 1478 698; x_wconf 79' lang='lat' dir='ltr'>ex</span> <span class='ocrx_word' id='word_1_40' title='bbox 1500 673 1554 699; x_wconf 94' lang='lat' dir='ltr'>eo</span> <span class='ocrx_word' id='word_1_41' title='bbox 1578 660 1881 711; x_wconf 83' lang='lat' dir='ltr'>cognoscitur,</span> 
     </span>
     <span class='ocr_line' id='line_1_7' title="bbox 334 728 1882 790; baseline -0.007 -13"><span class='ocrx_word' id='word_1_42' title='bbox 334 738 454 790; x_wconf 89' lang='lat' dir='ltr'>quod</span> <span class='ocrx_word' id='word_1_43' title='bbox 476 739 519 776; x_wconf 90' lang='lat' dir='ltr'>in</span> <span class='ocrx_word' id='word_1_44' title='bbox 546 750 732 776; x_wconf 89' lang='lat' dir='ltr'>numero</span> <span class='ocrx_word' id='word_1_45' title='bbox 758 747 910 774; x_wconf 90' lang='lat' dir='ltr'>eorum</span> <span class='ocrx_word' id='word_1_46' title='bbox 938 745 1148 773; x_wconf 86' lang='lat' dir='ltr'>versuum</span> <span class='ocrx_word' id='word_1_47' title='bbox 1172 732 1375 784; x_wconf 81' lang='lat' dir='ltr'>plerique</span> <span class='ocrx_word' id='word_1_48' title='bbox 1398 743 1556 769; x_wconf 88' lang='lat' dir='ltr'>versus</span> <span class='ocrx_word' id='word_1_49' title='bbox 1579 728 1882 776; x_wconf 83' lang='lat' dir='ltr'>intercalares,</span> 
     </span>
     <span class='ocr_line' id='line_1_8' title="bbox 337 800 1881 860; baseline -0.006 -13"><span class='ocrx_word' id='word_1_50' title='bbox 337 809 410 860; x_wconf 81' lang='lat' dir='ltr'>qui</span> <span class='ocrx_word' id='word_1_51' title='bbox 443 809 484 847; x_wconf 88' lang='lat' dir='ltr'>in</span> <span class='ocrx_word' id='word_1_52' title='bbox 518 813 614 847; x_wconf 88' lang='lat' dir='ltr'>toto</span> <span class='ocrx_word' id='word_1_53' title='bbox 649 819 786 858; x_wconf 89' lang='lat' dir='ltr'>opere</span> <span class='ocrx_word' id='word_1_54' title='bbox 821 810 1015 851; x_wconf 76' lang='lat' dir='ltr'>exstant,</span> <span class='ocrx_word' id='word_1_55' title='bbox 1048 804 1352 843; x_wconf 87' lang='lat' dir='ltr'>inveniuntur:</span> <span class='ocrx_word' id='word_1_56' title='bbox 1386 801 1454 840; x_wconf 91' lang='lat' dir='ltr'>his</span> <span class='ocrx_word' id='word_1_57' title='bbox 1487 801 1604 839; x_wconf 90' lang='lat' dir='ltr'>enim</span> <span class='ocrx_word' id='word_1_58' title='bbox 1638 800 1881 853; x_wconf 81' lang='lat' dir='ltr'>praecipue</span> 
     </span>
     <span class='ocr_line' id='line_1_9' title="bbox 334 868 1883 929; baseline -0.007 -12"><span class='ocrx_word' id='word_1_59' title='bbox 334 877 573 929; x_wconf 88' lang='lat' dir='ltr'>Vergilius,</span> <span class='ocrx_word' id='word_1_60' title='bbox 605 878 719 916; x_wconf 89' lang='lat' dir='ltr'>sicut</span> <span class='ocrx_word' id='word_1_61' title='bbox 752 875 916 916; x_wconf 88' lang='lat' dir='ltr'>Graeci</span> <span class='ocrx_word' id='word_1_62' title='bbox 955 880 1118 926; x_wconf 86' lang='lat' dir='ltr'>poetae</span> <span class='ocrx_word' id='word_1_63' title='bbox 1158 873 1366 919; x_wconf 90' lang='lat' dir='ltr'>bucolici,</span> <span class='ocrx_word' id='word_1_64' title='bbox 1405 872 1619 910; x_wconf 83' lang='lat' dir='ltr'>musicam</span> <span class='ocrx_word' id='word_1_65' title='bbox 1661 868 1883 920; x_wconf 84' lang='lat' dir='ltr'>effingere</span> 
     </span>
     <span class='ocr_line' id='line_1_10' title="bbox 311 941 1884 1005; baseline -0.006 -18"><span class='ocrx_word' id='word_1_66' title='bbox 311 946 556 1005; x_wconf 23' lang='lat' dir='ltr'>*studuit.²)</span> <span class='ocrx_word' id='word_1_67' title='bbox 619 945 828 986; x_wconf 89' lang='lat' dir='ltr'>Ceterum</span> <span class='ocrx_word' id='word_1_68' title='bbox 872 958 1005 996; x_wconf 85' lang='lat' dir='ltr'>quam</span> <span class='ocrx_word' id='word_1_69' title='bbox 1048 950 1144 982; x_wconf 86' lang='lat' dir='ltr'>arte</span> <span class='ocrx_word' id='word_1_70' title='bbox 1184 944 1269 982; x_wconf 91' lang='lat' dir='ltr'>hoc</span> <span class='ocrx_word' id='word_1_71' title='bbox 1309 941 1540 981; x_wconf 82' lang='lat' dir='ltr'>artificium</span> <span class='ocrx_word' id='word_1_72' title='bbox 1577 953 1676 980; x_wconf 91' lang='lat' dir='ltr'>cum</span> <span class='ocrx_word' id='word_1_73' title='bbox 1711 951 1884 991; x_wconf 85' lang='lat' dir='ltr'>genere</span> 
     </span>
     <span class='ocr_line' id='line_1_11' title="bbox 338 1009 1885 1066; baseline -0.006 -9"><span class='ocrx_word' id='word_1_74' title='bbox 338 1017 542 1057; x_wconf 90' lang='lat' dir='ltr'>bucolico</span> <span class='ocrx_word' id='word_1_75' title='bbox 565 1017 820 1061; x_wconf 83' lang='lat' dir='ltr'>cohaereat,</span> <span class='ocrx_word' id='word_1_76' title='bbox 843 1015 945 1053; x_wconf 93' lang='lat' dir='ltr'>inde</span> <span class='ocrx_word' id='word_1_77' title='bbox 970 1020 1109 1066; x_wconf 86' lang='lat' dir='ltr'>patet,</span> <span class='ocrx_word' id='word_1_78' title='bbox 1143 1013 1265 1064; x_wconf 90' lang='lat' dir='ltr'>quod</span> <span class='ocrx_word' id='word_1_79' title='bbox 1287 1018 1469 1064; x_wconf 84' lang='lat' dir='ltr'>praeter</span> <span class='ocrx_word' id='word_1_80' title='bbox 1491 1012 1572 1050; x_wconf 91' lang='lat' dir='ltr'>hos</span> <span class='ocrx_word' id='word_1_81' title='bbox 1594 1009 1885 1049; x_wconf 84' lang='lat' dir='ltr'>intercalares</span> 
     </span>
     <span class='ocr_line' id='line_1_12' title="bbox 336 1080 1883 1140; baseline -0.006 -13"><span class='ocrx_word' id='word_1_82' title='bbox 336 1088 537 1140; x_wconf 86' lang='lat' dir='ltr'>plerique</span> <span class='ocrx_word' id='word_1_83' title='bbox 579 1093 820 1126; x_wconf 87' lang='lat' dir='ltr'>occurrunt</span> <span class='ocrx_word' id='word_1_84' title='bbox 864 1092 940 1124; x_wconf 87' lang='lat' dir='ltr'>aut</span> <span class='ocrx_word' id='word_1_85' title='bbox 984 1086 1025 1123; x_wconf 93' lang='lat' dir='ltr'>in</span> <span class='ocrx_word' id='word_1_86' title='bbox 1060 1085 1266 1123; x_wconf 84' lang='lat' dir='ltr'>versibus</span> <span class='ocrx_word' id='word_1_87' title='bbox 1301 1096 1325 1121; x_wconf 82' lang='lat' dir='ltr'>a</span> <span class='ocrx_word' id='word_1_88' title='bbox 1367 1082 1624 1134; x_wconf 85' lang='lat' dir='ltr'>pastoribus</span> <span class='ocrx_word' id='word_1_89' title='bbox 1663 1080 1883 1119; x_wconf 84' lang='lat' dir='ltr'>recitatis:</span> 
     </span>
     <span class='ocr_line' id='line_1_13' title="bbox 337 1153 1885 1208; baseline -0.006 -11"><span class='ocrx_word' id='word_1_90' title='bbox 337 1157 528 1208; x_wconf 81' lang='lat' dir='ltr'>cf.1‚74;</span> <span class='ocrx_word' id='word_1_91' title='bbox 555 1169 676 1207; x_wconf 85' lang='lat'><strong>7‚44;</strong></span> <span class='ocrx_word' id='word_1_92' title='bbox 700 1159 823 1206; x_wconf 83' lang='lat'>5,81;</span> <span class='ocrx_word' id='word_1_93' title='bbox 847 1158 1037 1206; x_wconf 80' lang='lat' dir='ltr'>9,6osq.‚</span> <span class='ocrx_word' id='word_1_94' title='bbox 1061 1161 1138 1193; x_wconf 83' lang='lat' dir='ltr'>aut</span> <span class='ocrx_word' id='word_1_95' title='bbox 1161 1155 1209 1192; x_wconf 90' lang='lat' dir='ltr'>iis</span> <span class='ocrx_word' id='word_1_96' title='bbox 1233 1153 1351 1199; x_wconf 82' lang='lat' dir='ltr'>locis,</span> <span class='ocrx_word' id='word_1_97' title='bbox 1375 1153 1536 1204; x_wconf 89' lang='lat' dir='ltr'>quibus</span> <span class='ocrx_word' id='word_1_98' title='bbox 1559 1153 1653 1203; x_wconf 88' lang='lat' dir='ltr'>ipse</span> <span class='ocrx_word' id='word_1_99' title='bbox 1677 1156 1816 1202; x_wconf 86' lang='lat' dir='ltr'>poeta</span> <span class='ocrx_word' id='word_1_100' title='bbox 1837 1161 1885 1188; x_wconf 93' lang='lat' dir='ltr'>se</span> 
     </span>
     <span class='ocr_line' id='line_1_14' title="bbox 337 1220 1887 1280; baseline -0.006 -13"><span class='ocrx_word' id='word_1_101' title='bbox 337 1234 564 1280; x_wconf 87' lang='lat' dir='ltr'>pastorem</span> <span class='ocrx_word' id='word_1_102' title='bbox 601 1240 700 1266; x_wconf 88' lang='lat' dir='ltr'>esse</span> <span class='ocrx_word' id='word_1_103' title='bbox 731 1226 879 1277; x_wconf 87' lang='lat' dir='ltr'>fingit:</span> <span class='ocrx_word' id='word_1_104' title='bbox 914 1225 970 1264; x_wconf 85' lang='lat' dir='ltr'>cf.</span> <span class='ocrx_word' id='word_1_105' title='bbox 990 1238 1051 1270; x_wconf 84' lang='lat'>10,</span> <span class='ocrx_word' id='word_1_106' title='bbox 1068 1237 1138 1274; x_wconf 84' lang='lat'>77;</span> <span class='ocrx_word' id='word_1_107' title='bbox 1165 1227 1261 1273; x_wconf 80' lang='lat'>6‚9;</span> <span class='ocrx_word' id='word_1_108' title='bbox 1286 1237 1323 1272; x_wconf 76' lang='lat'>4,</span> <span class='ocrx_word' id='word_1_109' title='bbox 1340 1225 1404 1272; x_wconf 79' lang='lat'>58.</span> <span class='ocrx_word' id='word_1_110' title='bbox 1456 1222 1579 1261; x_wconf 89' lang='lat' dir='ltr'>Inter</span> <span class='ocrx_word' id='word_1_111' title='bbox 1603 1221 1752 1260; x_wconf 88' lang='lat' dir='ltr'>omnia</span> <span class='ocrx_word' id='word_1_112' title='bbox 1774 1220 1887 1258; x_wconf 88' lang='lat' dir='ltr'>haec</span> 
     </span>
     <span class='ocr_line' id='line_1_15' title="bbox 339 1293 1886 1349; baseline -0.006 -12"><span class='ocrx_word' id='word_1_113' title='bbox 339 1298 549 1349; x_wconf 78' lang='lat' dir='ltr'>exempla</span> <span class='ocrx_word' id='word_1_114' title='bbox 572 1297 968 1336; x_wconf 86' lang='lat' dir='ltr'>minimimomenti</span> <span class='ocrx_word' id='word_1_115' title='bbox 994 1301 1098 1333; x_wconf 88' lang='lat' dir='ltr'>sunt</span> <span class='ocrx_word' id='word_1_116' title='bbox 1123 1294 1284 1332; x_wconf 91' lang='lat' dir='ltr'>hiloci:</span> <span class='ocrx_word' id='word_1_117' title='bbox 1322 1295 1440 1342; x_wconf 78' lang='lat'>5,81,</span> <span class='ocrx_word' id='word_1_118' title='bbox 1464 1293 1536 1330; x_wconf 89' lang='lat' dir='ltr'>ubi</span> <span class='ocrx_word' id='word_1_119' title='bbox 1562 1303 1693 1330; x_wconf 88' lang='lat' dir='ltr'>unum</span> <span class='ocrx_word' id='word_1_120' title='bbox 1711 1295 1886 1329; x_wconf 84' lang='lat' dir='ltr'>tantum</span> 
     </span>
     <span class='ocr_line' id='line_1_16' title="bbox 338 1360 1888 1416; baseline -0.006 -9"><span class='ocrx_word' id='word_1_121' title='bbox 338 1367 603 1407; x_wconf 79' lang='lat' dir='ltr'>vocabulum</span> <span class='ocrx_word' id='word_1_122' title='bbox 646 1369 762 1406; x_wconf 86' lang='lat' dir='ltr'>inter</span> <span class='ocrx_word' id='word_1_123' title='bbox 800 1367 939 1405; x_wconf 81' lang='lat' dir='ltr'>verba</span> <span class='ocrx_word' id='word_1_124' title='bbox 977 1365 1172 1416; x_wconf 84' lang='lat' dir='ltr'>repetita</span> <span class='ocrx_word' id='word_1_125' title='bbox 1211 1365 1404 1416; x_wconf 88' lang='lat' dir='ltr'>positum</span> <span class='ocrx_word' id='word_1_126' title='bbox 1445 1368 1525 1408; x_wconf 84' lang='lat' dir='ltr'>est,</span> <span class='ocrx_word' id='word_1_127' title='bbox 1549 1361 1770 1410; x_wconf 87' lang='lat' dir='ltr'>4‚11‚ubi</span> <span class='ocrx_word' id='word_1_128' title='bbox 1802 1360 1888 1399; x_wconf 91' lang='lat' dir='ltr'>hoc</span> 
     </span>
     <span class='ocr_line' id='line_1_17' title="bbox 344 1430 1890 1489; baseline -0.006 -12"><span class='ocrx_word' id='word_1_129' title='bbox 344 1440 439 1488; x_wconf 66' lang='lat' dir='ltr'>⁷‚te⁴‘</span> <span class='ocrx_word' id='word_1_130' title='bbox 482 1439 664 1489; x_wconf 86' lang='lat' dir='ltr'>gravius</span> <span class='ocrx_word' id='word_1_131' title='bbox 703 1436 897 1481; x_wconf 81' lang='lat' dir='ltr'>effertur,</span> <span class='ocrx_word' id='word_1_132' title='bbox 922 1441 1114 1486; x_wconf 80' lang='lat' dir='ltr'>9,oosq.,</span> <span class='ocrx_word' id='word_1_133' title='bbox 1160 1435 1230 1473; x_wconf 88' lang='lat' dir='ltr'>ubi</span> <span class='ocrx_word' id='word_1_134' title='bbox 1277 1433 1435 1472; x_wconf 89' lang='lat' dir='ltr'>vocula</span> <span class='ocrx_word' id='word_1_135' title='bbox 1480 1438 1668 1484; x_wconf 87' lang='lat' dir='ltr'>propter</span> <span class='ocrx_word' id='word_1_136' title='bbox 1712 1430 1890 1481; x_wconf 89' lang='lat' dir='ltr'>longius</span> 
     </span>
     <span class='ocr_line' id='line_1_18' title="bbox 341 1503 1472 1556; baseline -0.005 -9"><span class='ocrx_word' id='word_1_137' title='bbox 341 1509 619 1547; x_wconf 89' lang='lat' dir='ltr'>enuntiatum</span> <span class='ocrx_word' id='word_1_138' title='bbox 654 1507 887 1546; x_wconf 85' lang='lat' dir='ltr'>relativum</span> <span class='ocrx_word' id='word_1_139' title='bbox 924 1506 1118 1556; x_wconf 85' lang='lat' dir='ltr'>repetita</span> <span class='ocrx_word' id='word_1_140' title='bbox 1152 1517 1250 1543; x_wconf 88' lang='lat' dir='ltr'>esse</span> <span class='ocrx_word' id='word_1_141' title='bbox 1284 1503 1472 1542; x_wconf 87' lang='lat' dir='ltr'>videtur.</span> 
     </span>
    </p>

    <p class='ocr_par' dir='ltr' id='par_1_3' title="bbox 342 1572 1894 1769">
     <span class='ocr_line' id='line_1_19' title="bbox 459 1572 1890 1626; baseline -0.006 -10"><span class='ocrx_word' id='word_1_142' title='bbox 459 1576 551 1617; x_wconf 86' lang='lat' dir='ltr'>Sed</span> <span class='ocrx_word' id='word_1_143' title='bbox 586 1584 632 1616; x_wconf 91' lang='lat' dir='ltr'>ut</span> <span class='ocrx_word' id='word_1_144' title='bbox 665 1578 1000 1616; x_wconf 84' lang='lat' dir='ltr'>demonstretur</span> <span class='ocrx_word' id='word_1_145' title='bbox 1032 1576 1117 1614; x_wconf 92' lang='lat' dir='ltr'>hoc</span> <span class='ocrx_word' id='word_1_146' title='bbox 1150 1588 1297 1626; x_wconf 88' lang='lat' dir='ltr'>genus</span> <span class='ocrx_word' id='word_1_147' title='bbox 1320 1574 1600 1625; x_wconf 88' lang='lat' dir='ltr'>repetitionis</span> <span class='ocrx_word' id='word_1_148' title='bbox 1622 1573 1665 1610; x_wconf 88' lang='lat' dir='ltr'>in</span> <span class='ocrx_word' id='word_1_149' title='bbox 1689 1572 1751 1618; x_wconf 87' lang='lat' dir='ltr'>iis,</span> <span class='ocrx_word' id='word_1_150' title='bbox 1775 1582 1890 1622; x_wconf 85' lang='lat' dir='ltr'>quae</span> 
     </span>
     <span class='ocr_line' id='line_1_20' title="bbox 342 1642 1893 1700; baseline -0.006 -13"><span class='ocrx_word' id='word_1_151' title='bbox 342 1649 585 1700; x_wconf 77' lang='lat' dir='ltr'>praecipue</span> <span class='ocrx_word' id='word_1_152' title='bbox 618 1649 768 1699; x_wconf 88' lang='lat' dir='ltr'>poesis</span> <span class='ocrx_word' id='word_1_153' title='bbox 801 1646 1033 1685; x_wconf 86' lang='lat' dir='ltr'>bucolicae</span> <span class='ocrx_word' id='word_1_154' title='bbox 1068 1646 1251 1697; x_wconf 91' lang='lat' dir='ltr'>propria</span> <span class='ocrx_word' id='word_1_155' title='bbox 1278 1651 1393 1688; x_wconf 75' lang='lat' dir='ltr'>sunt,</span> <span class='ocrx_word' id='word_1_156' title='bbox 1423 1642 1749 1682; x_wconf 88' lang='lat' dir='ltr'>numerandum</span> <span class='ocrx_word' id='word_1_157' title='bbox 1780 1653 1893 1687; x_wconf 82' lang='lat' dir='ltr'>esse,</span> 
     </span>
     <span class='ocr_line' id='line_1_21' title="bbox 344 1710 1894 1769; baseline -0.006 -12"><span class='ocrx_word' id='word_1_158' title='bbox 344 1718 528 1769; x_wconf 83' lang='lat' dir='ltr'>Vergilii</span> <span class='ocrx_word' id='word_1_159' title='bbox 556 1718 724 1769; x_wconf 81' lang='lat' dir='ltr'>reliqua</span> <span class='ocrx_word' id='word_1_160' title='bbox 750 1718 949 1756; x_wconf 84' lang='lat' dir='ltr'>carmina</span> <span class='ocrx_word' id='word_1_161' title='bbox 971 1715 1216 1755; x_wconf 82' lang='lat' dir='ltr'>conferam.</span> <span class='ocrx_word' id='word_1_162' title='bbox 1259 1714 1476 1753; x_wconf 84' lang='lat' dir='ltr'>Exscribo</span> <span class='ocrx_word' id='word_1_163' title='bbox 1500 1713 1571 1751; x_wconf 89' lang='lat' dir='ltr'>hic</span> <span class='ocrx_word' id='word_1_164' title='bbox 1595 1725 1649 1751; x_wconf 85' lang='lat' dir='ltr'>ea</span> <span class='ocrx_word' id='word_1_165' title='bbox 1672 1710 1894 1762; x_wconf 76' lang='lat' dir='ltr'>exempla,</span> 
     </span>
    </p>
   </div>
   <div class='ocr_carea' id='block_1_3' title="bbox 343 1782 1890 1907">
    <p class='ocr_par' dir='ltr' id='par_1_4' title="bbox 343 1782 1890 1907">
     <span class='ocr_line' id='line_1_22' title="bbox 343 1782 1890 1840; baseline -0.005 -13"><span class='ocrx_word' id='word_1_166' title='bbox 343 1801 459 1840; x_wconf 83' lang='lat' dir='ltr'>quae</span> <span class='ocrx_word' id='word_1_167' title='bbox 494 1790 534 1826; x_wconf 91' lang='lat' dir='ltr'>in</span> <span class='ocrx_word' id='word_1_168' title='bbox 570 1788 648 1826; x_wconf 87' lang='lat' dir='ltr'>illis</span> <span class='ocrx_word' id='word_1_169' title='bbox 681 1794 895 1839; x_wconf 84' lang='lat' dir='ltr'>quattuor</span> <span class='ocrx_word' id='word_1_170' title='bbox 921 1786 1041 1825; x_wconf 88' lang='lat' dir='ltr'>libris</span> <span class='ocrx_word' id='word_1_171' title='bbox 1065 1792 1198 1824; x_wconf 83' lang='lat' dir='ltr'>antea</span> <span class='ocrx_word' id='word_1_172' title='bbox 1223 1797 1403 1836; x_wconf 87' lang='lat' dir='ltr'>quoque</span> <span class='ocrx_word' id='word_1_173' title='bbox 1428 1783 1483 1822; x_wconf 88' lang='lat' dir='ltr'>ad</span> <span class='ocrx_word' id='word_1_174' title='bbox 1507 1782 1890 1834; x_wconf 83' lang='lat' dir='ltr'>comparationem</span> 
     </span>
     <span class='ocr_line' id='line_1_23' title="bbox 345 1855 1385 1907; baseline -0.004 -10"><span class='ocrx_word' id='word_1_175' title='bbox 345 1859 570 1897; x_wconf 80' lang='lat' dir='ltr'>adhibitis:</span> <span class='ocrx_word' id='word_1_176' title='bbox 607 1856 804 1904; x_wconf 80' lang='lat' dir='ltr'>G.1.1V.‚</span> <span class='ocrx_word' id='word_1_177' title='bbox 837 1855 1048 1896; x_wconf 79' lang='lat' dir='ltr'>A.1.X11.</span> <span class='ocrx_word' id='word_1_178' title='bbox 1080 1856 1385 1907; x_wconf 88' lang='lat' dir='ltr'>reperiuntur:</span> 
     </span>
    </p>
   </div>
   <div class='ocr_carea' id='block_1_4' title="bbox 346 1934 1897 2342">
    <p class='ocr_par' dir='ltr' id='par_1_5' title="bbox 346 1934 1894 2059">
     <span class='ocr_line' id='line_1_24' title="bbox 346 1934 1894 1989; baseline -0.005 -10"><span class='ocrx_word' id='word_1_179' title='bbox 346 1939 397 1980; x_wconf 89' lang='lat' dir='ltr'>G.</span> <span class='ocrx_word' id='word_1_180' title='bbox 413 1939 600 1989; x_wconf 78' lang='lat' dir='ltr'>IV,315:</span> <span class='ocrx_word' id='word_1_181' title='bbox 630 1938 754 1989; x_wconf 77' lang='lat' dir='ltr'>Quis</span> <span class='ocrx_word' id='word_1_182' title='bbox 780 1939 890 1977; x_wconf 83' lang='lat' dir='ltr'>deus</span> <span class='ocrx_word' id='word_1_183' title='bbox 917 1939 1045 1985; x_wconf 89' lang='lat' dir='ltr'>hanc,</span> <span class='ocrx_word' id='word_1_184' title='bbox 1061 1937 1228 1983; x_wconf 87' lang='lat' dir='ltr'>Musae,</span> <span class='ocrx_word' id='word_1_185' title='bbox 1252 1937 1366 1988; x_wconf 89' lang='lat' dir='ltr'>quis</span> <span class='ocrx_word' id='word_1_186' title='bbox 1391 1937 1518 1974; x_wconf 86' lang='lat' dir='ltr'>nobis</span> <span class='ocrx_word' id='word_1_187' title='bbox 1535 1935 1711 1974; x_wconf 81' lang='lat' dir='ltr'>extudit</span> <span class='ocrx_word' id='word_1_188' title='bbox 1726 1934 1894 1973; x_wconf 78' lang='lat' dir='ltr'>artem?</span> 
     </span>
     <span class='ocr_line' id='line_1_25' title="bbox 347 2006 1739 2059; baseline -0.004 -10"><span class='ocrx_word' id='word_1_189' title='bbox 347 2009 597 2059; x_wconf 72' lang='lat' dir='ltr'><strong>G.1V,465:</strong></span> <span class='ocrx_word' id='word_1_190' title='bbox 629 2018 698 2056; x_wconf 86' lang='lat' dir='ltr'>te,</span> <span class='ocrx_word' id='word_1_191' title='bbox 733 2009 870 2048; x_wconf 87' lang='lat' dir='ltr'>dulcis</span> <span class='ocrx_word' id='word_1_192' title='bbox 905 2010 1112 2055; x_wconf 76' lang='lat' dir='ltr'>coniunx,</span> <span class='ocrx_word' id='word_1_193' title='bbox 1144 2015 1194 2046; x_wconf 87' lang='lat' dir='ltr'>te</span> <span class='ocrx_word' id='word_1_194' title='bbox 1227 2007 1321 2046; x_wconf 93' lang='lat' dir='ltr'>solo</span> <span class='ocrx_word' id='word_1_195' title='bbox 1356 2007 1397 2045; x_wconf 91' lang='lat' dir='ltr'>in</span> <span class='ocrx_word' id='word_1_196' title='bbox 1432 2006 1559 2045; x_wconf 91' lang='lat' dir='ltr'>litore</span> <span class='ocrx_word' id='word_1_197' title='bbox 1588 2018 1739 2044; x_wconf 90' lang='lat' dir='ltr'>secum</span> 
     </span>
    </p>

    <p class='ocr_par' dir='ltr' id='par_1_6' title="bbox 350 2077 1787 2201">
     <span class='ocr_line' id='line_1_26' title="bbox 628 2077 1641 2124; baseline -0.004 -6"><span class='ocrx_word' id='word_1_198' title='bbox 628 2087 671 2118; x_wconf 92' lang='lat' dir='ltr'>te</span> <span class='ocrx_word' id='word_1_199' title='bbox 707 2080 918 2118; x_wconf 81' lang='lat' dir='ltr'>veniente</span> <span class='ocrx_word' id='word_1_200' title='bbox 954 2078 1036 2124; x_wconf 90' lang='lat' dir='ltr'>die,</span> <span class='ocrx_word' id='word_1_201' title='bbox 1070 2085 1114 2116; x_wconf 86' lang='lat' dir='ltr'>te</span> <span class='ocrx_word' id='word_1_202' title='bbox 1149 2077 1402 2116; x_wconf 89' lang='lat' dir='ltr'>decedente</span> <span class='ocrx_word' id='word_1_203' title='bbox 1435 2077 1641 2115; x_wconf 88' lang='lat' dir='ltr'>canebat.</span> 
     </span>
     <span class='ocr_line' id='line_1_27' title="bbox 350 2145 1787 2201; baseline -0.005 -11"><span class='ocrx_word' id='word_1_204' title='bbox 350 2149 602 2200; x_wconf 80' lang='lat' dir='ltr'>G.1V‚525:</span> <span class='ocrx_word' id='word_1_205' title='bbox 771 2149 1074 2201; x_wconf 84' lang='lat' dir='ltr'>Eurydicen</span> <span class='ocrx_word' id='word_1_206' title='bbox 1108 2161 1198 2187; x_wconf 78' lang='lat' dir='ltr'>vox</span> <span class='ocrx_word' id='word_1_207' title='bbox 1231 2149 1327 2199; x_wconf 81' lang='lat' dir='ltr'>ipsa</span> <span class='ocrx_word' id='word_1_208' title='bbox 1360 2153 1405 2185; x_wconf 86' lang='lat' dir='ltr'>et</span> <span class='ocrx_word' id='word_1_209' title='bbox 1438 2146 1602 2197; x_wconf 82' lang='lat' dir='ltr'>frigida</span> <span class='ocrx_word' id='word_1_210' title='bbox 1635 2145 1787 2196; x_wconf 83' lang='lat' dir='ltr'>lingua</span> 
     </span>
    </p>

    <p class='ocr_par' dir='ltr' id='par_1_7' title="bbox 629 2215 1897 2270">
     <span class='ocr_line' id='line_1_28' title="bbox 629 2215 1897 2270; baseline -0.005 -11"><span class='ocrx_word' id='word_1_211' title='bbox 629 2221 673 2259; x_wconf 85' lang='lat' dir='ltr'>a!</span> <span class='ocrx_word' id='word_1_212' title='bbox 710 2221 915 2258; x_wconf 77' lang='lat' dir='ltr'>miseram</span> <span class='ocrx_word' id='word_1_213' title='bbox 941 2219 1240 2270; x_wconf 82' lang='lat' dir='ltr'>Eurydicen</span> <span class='ocrx_word' id='word_1_214' title='bbox 1275 2218 1423 2256; x_wconf 80' lang='lat' dir='ltr'>anima</span> <span class='ocrx_word' id='word_1_215' title='bbox 1455 2215 1661 2268; x_wconf 84' lang='lat' dir='ltr'>fugiente</span> <span class='ocrx_word' id='word_1_216' title='bbox 1689 2215 1897 2260; x_wconf 86' lang='lat' dir='ltr'>vocabat,</span> 
     </span>
    </p>

    <p class='ocr_par' dir='ltr' id='par_1_8' title="bbox 629 2286 1691 2342">
     <span class='ocr_line' id='line_1_29' title="bbox 629 2286 1691 2342; baseline -0.005 -13"><span class='ocrx_word' id='word_1_217' title='bbox 629 2291 882 2342; x_wconf 85' lang='lat' dir='ltr'>Eurydicen</span> <span class='ocrx_word' id='word_1_218' title='bbox 917 2295 1013 2328; x_wconf 91' lang='lat' dir='ltr'>toto</span> <span class='ocrx_word' id='word_1_219' title='bbox 1047 2287 1309 2327; x_wconf 82' lang='lat' dir='ltr'>referebant</span> <span class='ocrx_word' id='word_1_220' title='bbox 1339 2286 1521 2326; x_wconf 88' lang='lat' dir='ltr'>flumine</span> <span class='ocrx_word' id='word_1_221' title='bbox 1554 2287 1691 2338; x_wconf 82' lang='lat' dir='ltr'>ripae.</span> 
     </span>
    </p>
   </div>
   <div class='ocr_carea' id='block_1_5' title="bbox 350 2388 1901 2846">
    <p class='ocr_par' dir='ltr' id='par_1_9' title="bbox 350 2388 1899 2495">
     <span class='ocr_line' id='line_1_30' title="bbox 472 2388 1899 2436; baseline -0.004 -10"><span class='ocrx_word' id='word_1_222' title='bbox 472 2395 496 2436; x_wconf 81' lang='lat'>¹)</span> <span class='ocrx_word' id='word_1_223' title='bbox 524 2394 561 2426; x_wconf 87' lang='lat' dir='ltr'>ln</span> <span class='ocrx_word' id='word_1_224' title='bbox 590 2406 649 2426; x_wconf 80' lang='lat' dir='ltr'>vv.</span> <span class='ocrx_word' id='word_1_225' title='bbox 668 2398 750 2433; x_wconf 72' lang='grc' dir='ltr'>8,οι</span> <span class='ocrx_word' id='word_1_226' title='bbox 778 2398 815 2426; x_wconf 89' lang='lat' dir='ltr'>et</span> <span class='ocrx_word' id='word_1_227' title='bbox 830 2396 861 2433; x_wconf 83' lang='lat'>8,</span> <span class='ocrx_word' id='word_1_228' title='bbox 883 2402 944 2432; x_wconf 81' lang='lat'>109</span> <span class='ocrx_word' id='word_1_229' title='bbox 963 2393 1095 2425; x_wconf 83' lang='lat' dir='ltr'>vocula</span> <span class='ocrx_word' id='word_1_230' title='bbox 1122 2393 1236 2435; x_wconf 81' lang='lat' dir='ltr'>„iam“</span> <span class='ocrx_word' id='word_1_231' title='bbox 1265 2396 1348 2424; x_wconf 84' lang='lat' dir='ltr'>ante</span> <span class='ocrx_word' id='word_1_232' title='bbox 1377 2393 1529 2424; x_wconf 86' lang='lat' dir='ltr'>verbum</span> <span class='ocrx_word' id='word_1_233' title='bbox 1558 2390 1750 2433; x_wconf 87' lang='lat' dir='ltr'>repetitum</span> <span class='ocrx_word' id='word_1_234' title='bbox 1778 2388 1899 2432; x_wconf 82' lang='lat' dir='ltr'>posita</span> 
     </span>
     <span class='ocr_line' id='line_1_31' title="bbox 350 2448 1898 2495; baseline -0.004 -10"><span class='ocrx_word' id='word_1_235' title='bbox 350 2453 494 2485; x_wconf 81' lang='lat' dir='ltr'>minoris</span> <span class='ocrx_word' id='word_1_236' title='bbox 521 2453 692 2485; x_wconf 76' lang='lat' dir='ltr'>momenti</span> <span class='ocrx_word' id='word_1_237' title='bbox 721 2457 788 2491; x_wconf 87' lang='lat' dir='ltr'>est,</span> <span class='ocrx_word' id='word_1_238' title='bbox 817 2451 1112 2495; x_wconf 82' lang='lat' dir='ltr'>quandoquidem</span> <span class='ocrx_word' id='word_1_239' title='bbox 1141 2461 1222 2483; x_wconf 90' lang='lat' dir='ltr'>cum</span> <span class='ocrx_word' id='word_1_240' title='bbox 1250 2451 1364 2482; x_wconf 77' lang='lat' dir='ltr'>verbo</span> <span class='ocrx_word' id='word_1_241' title='bbox 1398 2450 1576 2481; x_wconf 82' lang='lat' dir='ltr'>artissime</span> <span class='ocrx_word' id='word_1_242' title='bbox 1610 2448 1805 2481; x_wconf 86' lang='lat' dir='ltr'>coniuncta</span> <span class='ocrx_word' id='word_1_243' title='bbox 1830 2450 1898 2479; x_wconf 85' lang='lat' dir='ltr'>est.</span> 
     </span>
    </p>

    <p class='ocr_par' dir='ltr' id='par_1_10' title="bbox 351 2505 1901 2846">
     <span class='ocr_line' id='line_1_32' title="bbox 467 2505 1899 2553; baseline -0.005 -9"><span class='ocrx_word' id='word_1_244' title='bbox 467 2512 494 2553; x_wconf 80' lang='lat'>²)</span> <span class='ocrx_word' id='word_1_245' title='bbox 522 2511 578 2544; x_wconf 89' lang='lat' dir='ltr'>De</span> <span class='ocrx_word' id='word_1_246' title='bbox 598 2512 665 2544; x_wconf 90' lang='lat' dir='ltr'>hac</span> <span class='ocrx_word' id='word_1_247' title='bbox 688 2522 724 2544; x_wconf 89' lang='lat' dir='ltr'>re</span> <span class='ocrx_word' id='word_1_248' title='bbox 741 2510 1050 2547; x_wconf 58' lang='lat' dir='ltr'>VWIamowitz,</span> <span class='ocrx_word' id='word_1_249' title='bbox 1070 2510 1091 2542; x_wconf 95' lang='lat' dir='ltr'>l.</span> <span class='ocrx_word' id='word_1_250' title='bbox 1107 2509 1126 2541; x_wconf 91' lang='lat' dir='ltr'>l.</span> <span class='ocrx_word' id='word_1_251' title='bbox 1155 2511 1228 2548; x_wconf 85' lang='lat'>148,</span> <span class='ocrx_word' id='word_1_252' title='bbox 1247 2509 1292 2540; x_wconf 91' lang='lat' dir='ltr'>ad</span> <span class='ocrx_word' id='word_1_253' title='bbox 1312 2518 1442 2540; x_wconf 86' lang='lat' dir='ltr'>versus</span> <span class='ocrx_word' id='word_1_254' title='bbox 1461 2506 1645 2540; x_wconf 80' lang='lat' dir='ltr'>Theocriti</span> <span class='ocrx_word' id='word_1_255' title='bbox 1665 2505 1899 2539; x_wconf 87' lang='lat' dir='ltr'>intercalares</span> 
     </span>
     <span class='ocr_line' id='line_1_33' title="bbox 351 2564 1899 2613; baseline -0.004 -11"><span class='ocrx_word' id='word_1_256' title='bbox 351 2574 534 2613; x_wconf 83' lang='lat' dir='ltr'>spectans,</span> <span class='ocrx_word' id='word_1_257' title='bbox 562 2570 607 2601; x_wconf 81' lang='lat' dir='ltr'>ita</span> <span class='ocrx_word' id='word_1_258' title='bbox 634 2569 820 2601; x_wconf 84' lang='lat' dir='ltr'>disseruit:</span> <span class='ocrx_word' id='word_1_259' title='bbox 850 2569 942 2610; x_wconf 88' lang='lat' dir='ltr'>„Die</span> <span class='ocrx_word' id='word_1_260' title='bbox 969 2568 1239 2609; x_wconf 74' lang='lat' dir='ltr'>Aussorderung</span> <span class='ocrx_word' id='word_1_261' title='bbox 1264 2578 1308 2598; x_wconf 91' lang='lat' dir='ltr'>an</span> <span class='ocrx_word' id='word_1_262' title='bbox 1336 2567 1395 2599; x_wconf 86' lang='lat' dir='ltr'>die</span> <span class='ocrx_word' id='word_1_263' title='bbox 1422 2566 1554 2598; x_wconf 86' lang='lat' dir='ltr'>Musen</span> <span class='ocrx_word' id='word_1_264' title='bbox 1583 2566 1655 2597; x_wconf 84' lang='lat' dir='ltr'>tritt</span> <span class='ocrx_word' id='word_1_265' title='bbox 1681 2565 1734 2598; x_wconf 89' lang='lat' dir='ltr'>als</span> <span class='ocrx_word' id='word_1_266' title='bbox 1760 2564 1899 2597; x_wconf 87' lang='lat' dir='ltr'>Schalt-</span> 
     </span>
     <span class='ocr_line' id='line_1_34' title="bbox 352 2623 1901 2670; baseline -0.003 -10"><span class='ocrx_word' id='word_1_267' title='bbox 352 2639 436 2660; x_wconf 85' lang='lat' dir='ltr'>vers</span> <span class='ocrx_word' id='word_1_268' title='bbox 455 2638 497 2660; x_wconf 83' lang='lat' dir='ltr'>an</span> <span class='ocrx_word' id='word_1_269' title='bbox 524 2628 628 2670; x_wconf 86' lang='lat' dir='ltr'>jeder</span> <span class='ocrx_word' id='word_1_270' title='bbox 647 2627 761 2660; x_wconf 86' lang='lat' dir='ltr'>Stclle</span> <span class='ocrx_word' id='word_1_271' title='bbox 781 2627 850 2665; x_wconf 86' lang='lat' dir='ltr'>ein,</span> <span class='ocrx_word' id='word_1_272' title='bbox 879 2637 934 2658; x_wconf 77' lang='lat' dir='ltr'>wo</span> <span class='ocrx_word' id='word_1_273' title='bbox 953 2627 1035 2659; x_wconf 85' lang='lat' dir='ltr'>eine</span> <span class='ocrx_word' id='word_1_274' title='bbox 1056 2626 1174 2659; x_wconf 80' lang='lat' dir='ltr'>Panse</span> <span class='ocrx_word' id='word_1_275' title='bbox 1198 2625 1371 2668; x_wconf 83' lang='lat' dir='ltr'>gemacht</span> <span class='ocrx_word' id='word_1_276' title='bbox 1390 2625 1538 2657; x_wconf 87' lang='lat' dir='ltr'>werden</span> <span class='ocrx_word' id='word_1_277' title='bbox 1558 2624 1642 2656; x_wconf 82' lang='lat' dir='ltr'>soll:</span> <span class='ocrx_word' id='word_1_278' title='bbox 1671 2623 1732 2655; x_wconf 90' lang='lat' dir='ltr'>wir</span> <span class='ocrx_word' id='word_1_279' title='bbox 1751 2623 1901 2656; x_wconf 87' lang='lat' dir='ltr'>werden</span> 
     </span>
     <span class='ocr_line' id='line_1_35' title="bbox 352 2680 1900 2725; baseline -0.003 -7"><span class='ocrx_word' id='word_1_280' title='bbox 352 2697 419 2718; x_wconf 91' lang='lat' dir='ltr'>uns</span> <span class='ocrx_word' id='word_1_281' title='bbox 445 2687 502 2719; x_wconf 84' lang='lat' dir='ltr'>bei</span> <span class='ocrx_word' id='word_1_282' title='bbox 530 2687 601 2719; x_wconf 84' lang='lat' dir='ltr'>den</span> <span class='ocrx_word' id='word_1_283' title='bbox 630 2686 882 2718; x_wconf 84' lang='lat' dir='ltr'>Rinderhirtcn</span> <span class='ocrx_word' id='word_1_284' title='bbox 912 2686 1027 2718; x_wconf 77' lang='lat' dir='ltr'>selbst</span> <span class='ocrx_word' id='word_1_285' title='bbox 1053 2685 1152 2717; x_wconf 87' lang='lat' dir='ltr'>nicht</span> <span class='ocrx_word' id='word_1_286' title='bbox 1178 2684 1318 2717; x_wconf 86' lang='lat' dir='ltr'>sowohl</span> <span class='ocrx_word' id='word_1_287' title='bbox 1351 2684 1458 2716; x_wconf 87' lang='lat' dir='ltr'>einen</span> <span class='ocrx_word' id='word_1_288' title='bbox 1485 2692 1727 2725; x_wconf 85' lang='lat' dir='ltr'>gesungcnen</span> <span class='ocrx_word' id='word_1_289' title='bbox 1753 2680 1900 2714; x_wconf 80' lang='lat' dir='ltr'>Refrain</span> 
     </span>
     <span class='ocr_line' id='line_1_36' title="bbox 352 2740 1899 2786; baseline -0.003 -9"><span class='ocrx_word' id='word_1_290' title='bbox 352 2756 395 2777; x_wconf 84' lang='lat' dir='ltr'>an</span> <span class='ocrx_word' id='word_1_291' title='bbox 415 2746 543 2777; x_wconf 80' lang='lat' dir='ltr'>diesen</span> <span class='ocrx_word' id='word_1_292' title='bbox 562 2744 700 2777; x_wconf 86' lang='lat' dir='ltr'>Stellcn</span> <span class='ocrx_word' id='word_1_293' title='bbox 728 2745 888 2783; x_wconf 80' lang='lat' dir='ltr'>denken,</span> <span class='ocrx_word' id='word_1_294' title='bbox 916 2745 968 2776; x_wconf 89' lang='lat' dir='ltr'>als</span> <span class='ocrx_word' id='word_1_295' title='bbox 995 2744 1052 2776; x_wconf 88' lang='lat' dir='ltr'>ein</span> <span class='ocrx_word' id='word_1_296' title='bbox 1080 2754 1166 2786; x_wconf 82' lang='lat' dir='ltr'>paar</span> <span class='ocrx_word' id='word_1_297' title='bbox 1184 2744 1287 2775; x_wconf 73' lang='lat' dir='ltr'>To&#39;ne</span> <span class='ocrx_word' id='word_1_298' title='bbox 1315 2742 1376 2774; x_wconf 81' lang='lat' dir='ltr'>auf</span> <span class='ocrx_word' id='word_1_299' title='bbox 1400 2743 1466 2774; x_wconf 90' lang='lat' dir='ltr'>der</span> <span class='ocrx_word' id='word_1_300' title='bbox 1483 2741 1616 2784; x_wconf 80' lang='lat' dir='ltr'>Syrinx</span> <span class='ocrx_word' id='word_1_301' title='bbox 1639 2740 1817 2783; x_wconf 85' lang='lat' dir='ltr'>geblasen</span> <span class='ocrx_word' id='word_1_302' title='bbox 1837 2765 1844 2772; x_wconf 92' lang='lat'>.</span> <span class='ocrx_word' id='word_1_303' title='bbox 1864 2764 1872 2773; x_wconf 93' lang='lat'><strong><em>.</em></strong></span> <span class='ocrx_word' id='word_1_304' title='bbox 1893 2764 1899 2771; x_wconf 95' lang='lat'>.</span> 
     </span>
     <span class='ocr_line' id='line_1_37' title="bbox 353 2798 1900 2846; baseline -0.003 -11"><span class='ocrx_word' id='word_1_305' title='bbox 353 2804 452 2835; x_wconf 77' lang='lat' dir='ltr'>Abcr</span> <span class='ocrx_word' id='word_1_306' title='bbox 478 2804 544 2836; x_wconf 86' lang='lat' dir='ltr'>‹ler</span> <span class='ocrx_word' id='word_1_307' title='bbox 569 2803 720 2846; x_wconf 87' lang='lat' dir='ltr'>epische</span> <span class='ocrx_word' id='word_1_308' title='bbox 748 2802 900 2835; x_wconf 81' lang='lat' dir='ltr'>Dichter</span> <span class='ocrx_word' id='word_1_309' title='bbox 926 2802 1025 2834; x_wconf 85' lang='lat' dir='ltr'>hattc</span> <span class='ocrx_word' id='word_1_310' title='bbox 1053 2802 1105 2834; x_wconf 84' lang='lat' dir='ltr'>sie</span> <span class='ocrx_word' id='word_1_311' title='bbox 1139 2801 1192 2833; x_wconf 76' lang='lat' dir='ltr'>fiir</span> <span class='ocrx_word' id='word_1_312' title='bbox 1225 2801 1284 2833; x_wconf 90' lang='lat' dir='ltr'>die</span> <span class='ocrx_word' id='word_1_313' title='bbox 1312 2800 1569 2842; x_wconf 82' lang='lat' dir='ltr'>Naclibildung</span> <span class='ocrx_word' id='word_1_314' title='bbox 1600 2799 1699 2831; x_wconf 87' lang='lat' dir='ltr'>nicht</span> <span class='ocrx_word' id='word_1_315' title='bbox 1726 2809 1787 2831; x_wconf 91' lang='lat' dir='ltr'>zur</span> <span class='ocrx_word' id='word_1_316' title='bbox 1811 2798 1900 2831; x_wconf 91' lang='lat' dir='ltr'>Ver-</span> 
     </span>
    </p>
   </div>
   <div class='ocr_carea' id='block_1_6' title="bbox 354 2856 1900 2961">
    <p class='ocr_par' dir='ltr' id='par_1_11' title="bbox 354 2856 1900 2961">
     <span class='ocr_line' id='line_1_38' title="bbox 354 2856 1900 2903; baseline -0.003 -10"><span class='ocrx_word' id='word_1_317' title='bbox 354 2861 505 2903; x_wconf 67' lang='lat' dir='ltr'>fiigung:</span> <span class='ocrx_word' id='word_1_318' title='bbox 545 2872 586 2892; x_wconf 85' lang='lat' dir='ltr'>zu</span> <span class='ocrx_word' id='word_1_319' title='bbox 627 2861 737 2893; x_wconf 82' lang='lat' dir='ltr'>ihrcm</span> <span class='ocrx_word' id='word_1_320' title='bbox 774 2861 920 2893; x_wconf 69' lang='lat' dir='ltr'>lirsatze</span> <span class='ocrx_word' id='word_1_321' title='bbox 960 2860 1085 2892; x_wconf 86' lang='lat' dir='ltr'>nimmt</span> <span class='ocrx_word' id='word_1_322' title='bbox 1117 2870 1157 2892; x_wconf 86' lang='lat' dir='ltr'>er</span> <span class='ocrx_word' id='word_1_323' title='bbox 1188 2860 1295 2892; x_wconf 86' lang='lat' dir='ltr'>einen</span> <span class='ocrx_word' id='word_1_324' title='bbox 1328 2859 1432 2897; x_wconf 72' lang='lat' dir='ltr'>Voss,</span> <span class='ocrx_word' id='word_1_325' title='bbox 1472 2859 1538 2891; x_wconf 88' lang='lat' dir='ltr'>der</span> <span class='ocrx_word' id='word_1_326' title='bbox 1571 2857 1701 2900; x_wconf 84' lang='lat' dir='ltr'>richtig</span> <span class='ocrx_word' id='word_1_327' title='bbox 1733 2856 1900 2894; x_wconf 84' lang='lat' dir='ltr'>rezitiert‚</span> 
     </span>
     <span class='ocr_line' id='line_1_39' title="bbox 354 2919 1251 2961; baseline -0.001 -10"><span class='ocrx_word' id='word_1_328' title='bbox 354 2919 513 2951; x_wconf 86' lang='lat' dir='ltr'>wirklich</span> <span class='ocrx_word' id='word_1_329' title='bbox 542 2920 645 2952; x_wconf 84' lang='lat' dir='ltr'>diese</span> <span class='ocrx_word' id='word_1_330' title='bbox 673 2919 934 2952; x_wconf 83' lang='lat' dir='ltr'>musikalische</span> <span class='ocrx_word' id='word_1_331' title='bbox 962 2919 1141 2961; x_wconf 83' lang='lat' dir='ltr'>Wirkung</span> <span class='ocrx_word' id='word_1_332' title='bbox 1165 2921 1251 2950; x_wconf 85' lang='lat' dir='ltr'>tut.“</span> 
     </span>
    </p>
   </div>
  </div>
 </body>
</html>
