2222 3417
871 291 1158 327 —57-

240 397 457 436 Videmus
502 398 638 447 igitur
682 397 818 447 priori
856 396 985 434 classi
1031 409 1079 433 10
1119 395 1325 446 exempla
1371 408 1489 440 esse;
1536 394 1789 446 frequentia

239 467 513 519 singulorum
539 480 758 517 ¹generum
790 480 847 505 ex
870 467 936 504 his
964 467 1159 504 numeris
1187 467 1495 516 cognoscitur:
1530 464 1566 503 I:
1593 478 1629 513 5,
1661 464 1717 503 Il:
1745 477 1787 513 5:

239 551 282 576 a:
314 551 350 586 4,
384 540 431 576 b:
464 540 507 582 6;
542 553 587 577 a:
620 542 656 583 8,
687 540 731 589 fl:
764 550 801 583 0,
834 552 875 588 γι
909 549 944 582 2,
979 536 1018 575 6:
1043 549 1079 575 O.
1142 536 1188 574 In
1225 536 1365 574 altera
1399 535 1540 573 classe
1579 547 1595 584 7
1634 548 1789 573 versus

239 607 471 654 collocavi;
513 614 622 659 quot
655 609 816 659 cuique
850 608 1016 658 speciei
1051 608 1155 652 sint,
1195 620 1251 644 ex
1285 607 1369 644 hoc
1403 605 1547 643 indice
1583 612 1788 656 apparet:

236 677 273 716 I:
298 692 335 727 4,
362 678 413 717 11:
441 691 483 727 3:
515 692 551 717 1:
576 692 612 727 4,
638 691 680 717 2:
708 691 752 727 3:
778 692 820 716 a:
846 690 882 722 0,
906 679 954 716 b:
983 689 1025 727 7;
1051 692 1094 716 a:
1119 691 1154 725 5,
1177 678 1220 728 βῑ
1246 690 1283 723 0,
1308 691 1348 727 γε
1376 689 1410 722 2⁷
1435 675 1474 715 o:
1498 689 1536 714 o.
1592 675 1784 714 Primum

238 750 529 799 cognoscitur
567 749 651 787 hoc
690 761 836 799 genus
875 748 1191 786 concinnitatis
1225 760 1247 784 a
1282 746 1524 784 Theocrito
1558 746 1597 783 in
1635 746 1699 783 his
1740 759 1787 784 10

237 818 411 869 idylliis,
451 832 723 870 quamquam
764 819 904 856 rarius
945 831 1075 869 quam
1118 819 1159 855 in
1202 817 1371 867 eclogis
1394 815 1599 867 Vergilii,
1635 822 1785 854 tamen

237 902 323 927 non
358 902 458 927 raro
499 889 743 927 adhibitum
787 901 905 934 esse;
945 888 1132 939 plurima
1166 901 1247 939 pro
1286 893 1382 925 rata
1417 894 1544 938 parte
1579 886 1785 936 exempla

236 959 521 997 inveniuntur
554 960 595 997 in
630 959 799 1010 idylliis,
836 972 952 1010 quae
980 958 1172 996 fortasse
1196 971 1282 996 non
1309 971 1331 995 a
1356 957 1597 995 Theocrito
1622 957 1786 1007 scripta

236 1036 350 1068 sunt.
403 1027 495 1068 Sed
528 1030 760 1068 videamus
794 1029 848 1067 de
881 1030 1013 1067 variis
1042 1029 1288 1079 generibus
1312 1028 1439 1065 huius
1462 1027 1787 1065 concinnitatis.

235 1099 465 1150 Exempla,
484 1113 599 1151 quae
624 1105 807 1150 praeter
830 1099 899 1136 illa
923 1100 1103 1149 gemina
1130 1098 1333 1136 membra
1358 1097 1439 1135 alia
1460 1110 1606 1148 aequo
1632 1097 1785 1134 ordine

236 1171 473 1208 coniuncta
509 1170 680 1208 habent
707 1169 785 1221 (H),
818 1175 920 1207 sunt
955 1169 1135 1220 quidem
1170 1168 1356 1207 totidem
1393 1167 1488 1205 fere
1524 1180 1654 1218 quam
1691 1167 1786 1205 reli-

237 1253 325 1292 qua
358 1240 415 1289 (1),
448 1241 527 1278 sed
561 1240 1011 1278 animadvertendum
1049 1245 1117 1277 est
1150 1238 1217 1277 illa
1253 1240 1345 1276 eius
1378 1239 1562 1289 generis
1596 1251 1706 1280 0550,
1742 1247 1787 1275 ut

235 1311 309 1348 vix
331 1311 372 1348 in
401 1310 483 1348 ullo
508 1312 773 1361 symmetria
795 1323 955 1348 revera
980 1311 1275 1348 imminuatur.
1316 1309 1493 1347 Deinde
1518 1312 1558 1345 in
1584 1308 1786 1346 versibus

234 1381 391 1431 prioris
431 1380 583 1419 classis
623 1387 805 1432 praeter
842 1382 979 1418 verba
1021 1386 1124 1430 post
1163 1392 1394 1417 caesuram
1442 1378 1660 1416 collocata
1703 1377 1785 1416 alia

234 1456 407 1488 tantum
436 1452 478 1488 in
508 1451 682 1489 duobus
711 1450 947 1501 exemplis:
982 1450 1037 1488 id.
1062 1463 1167 1499 9,14
1193 1456 1237 1487 et
1262 1462 1366 1497 4,23
1403 1449 1691 1487 hemistichiis
1726 1450 1785 1486 in-

233 1526 353 1559 serta
385 1529 506 1567 sunt;
543 1521 597 1559 de
625 1522 829 1560 versibus
858 1521 1038 1559 alterius
1066 1520 1217 1559 classis
1244 1519 1393 1571 plures
1417 1521 1510 1557 sine
1537 1519 1620 1557 ullo
1646 1520 1783 1557 verbo

233 1592 536 1630 membrorum
579 1593 805 1630 communi
845 1597 949 1629 sunt
988 1593 1054 1642 (1).
1117 1590 1226 1629 Tum
1270 1590 1339 1628 illa
1380 1591 1630 1627 accuratior
1668 1602 1784 1640 sym-

234 1663 391 1700 metria
419 1661 692 1713 singularum
722 1663 966 1708 notionum,
1001 1674 1133 1713 quam
1159 1660 1327 1699 littera:
1363 1674 1388 1698 a
1411 1661 1596 1711 signavi,
1630 1673 1783 1712 quam-

235 1744 368 1782 quam
408 1733 548 1770 rarius
582 1733 806 1770 invenitur
845 1745 976 1783 quani
1013 1732 1312 1781 congruentia
1346 1732 1490 1768 minus
1523 1744 1681 1768 severa
1715 1731 1784 1781 (b),

233 1807 384 1839 tamen
410 1815 497 1840 non
528 1802 668 1840 deest.
720 1801 930 1853 Denique
965 1802 1077 1839 haec
1112 1802 1315 1839 membra
1347 1800 1560 1851 parallela
1592 1800 1783 1851 plerum-

234 1885 320 1923 que
355 1873 585 1923 anaphora
618 1885 767 1923 neque
800 1885 900 1910 raro
929 1872 1162 1923 asyndeto,
1196 1871 1276 1909 sed
1300 1884 1540 1922 numquam
1567 1870 1782 1921 particula

233 1941 488 1993 copulativa
514 1943 755 1981 coniuncta
782 1948 903 1988 sunt;
939 1942 1280 1980 concedendum
1317 1950 1385 1978 est
1419 1941 1522 1978 mihi
1549 1941 1622 1993 Ι1115
1656 1940 1780 1979 10015;

231 2012 286 2050 1(1.
321 2025 356 2061 9,
386 2026 435 2060 14
469 2021 513 2051 et
550 2026 583 2063 7,
614 2025 689 2061 105
736 2014 874 2051 verba
918 2013 1112 2063 repetita
1158 2013 1304 2062 potius
1344 2010 1607 2049 correlativa
1649 2025 1778 2062 quam

232 2083 503 2133 anaphorica
544 2095 654 2122 esse.
723 2082 862 2121 Porro
903 2083 1138 2120 antithesis
1177 2083 1358 2132 gravior
1398 2094 1495 2119 eam
1544 2081 1783 2132 aequabili-

231 2157 370 2191 tatem
401 2153 443 2190 in
472 2152 588 2191 nullo
618 2152 827 2204 exemplo
855 2154 1068 2203 genuisse
1095 2152 1279 2197 videtur,
1313 2164 1461 2202 neque
1485 2151 1555 2189 illa
1580 2152 1780 2189 membra

231 2222 454 2273 parallela,
488 2224 648 2273 quibus
681 2223 797 2261 idem
835 2219 1125 2273 significatur,
1158 2223 1227 2260 hic
1262 2229 1513 2260 occurrunt.
1571 2220 1779 2259 Ceterum

233 2292 287 2330 (10
307 2293 528 2331 suavitate
548 2293 887 2339 sententiarum,
913 2306 1028 2343 quae
1048 2293 1114 2330 his
1133 2292 1239 2331 colis
1259 2293 1462 2342 aequatis
1483 2293 1782 2333 enuntiantur,

232 2362 349 2400 idem
391 2363 626 2401 dicendum
669 2376 786 2409 esse,
833 2363 952 2414 quod
993 2363 1048 2401 de
1089 2362 1306 2413 exemplis
1346 2361 1601 2412 eclogarum
1648 2375 1779 2412 supra

232 2434 506 2471 enumeratis
539 2433 740 2479 vidimus,
773 2432 903 2471 facile
938 2433 1210 2483 intelligitur.

348 2514 514 2552 Iterum
546 2527 827 2565 quaeramus,
861 2527 962 2552 1111111
989 2515 1030 2552 in
1056 2514 1235 2565 reliquis
1259 2514 1529 2552 carminibus
1553 2512 1779 2551 Theocriti

230 2596 386 2622 versus
410 2584 494 2622 hoc
518 2585 652 2623 modo
677 2586 913 2636 compositi
932 2593 1019 2622 tam
1042 2584 1306 2636 frequenter
1329 2584 1622 2622 inveniantur.
1657 2582 1780 2621 Sicut

231 2655 273 2692 in
307 2652 331 2707 ξ
361 2668 375 2692 1
404 2654 593 2704 primum
629 2654 767 2693 affero
802 2656 884 2693 1105
916 2668 1084 2699 versus,
1119 2656 1193 2705 qui
1227 2656 1267 2692 in
1304 2654 1444 2692 tribus
1478 2654 1631 2693 mimis.
1667 2653 1719 2690 id.
1746 2664 1779 2691 2.

238 2737 298 2772 14,
328 2736 388 2772 15,
422 2724 724 2765 inveniuntur:

477 2809 486 2823 l
652 2810 663 2825 ’ἔ
795 2810 805 2825 3
1314 2810 1321 2824 1
1453 2810 1464 2824 '3
1595 2808 1605 2823 3

234 2841 269 2880 2,
291 2841 327 2867 1:
442 2827 516 2880 Πᾷ
536 2844 607 2880 μοι
630 2828 693 2867 ταὶ
717 2829 892 2880 ὁάφνα(,·
921 2827 925 2883 Ι
955 2830 1056 2880 φέρε
1083 2827 1268 2867 &somati-
1290 2833 1349 2880 πᾷ
1374 2829 1417 2868 δὲ
1439 2827 1485 2866 πὶ
1509 2827 1677 2879 φίλτρῳ·

234 2923 308 2973 qui
340 2935 494 2960 versus
526 2935 634 2960 vero
669 2935 767 2960 cum
803 2922 882 2960 illis
911 2922 1129 2973 exemplis
1156 2928 1400 2972 propterea
1426 2922 1501 2959 vix
1529 2921 1779 2970 comparari
