2222 3417
885 310 935 314 ,-
1000 299 1049 337 47
1116 310 1170 314 —

976 403 1072 442 Hb:

250 498 286 549 γ)
324 510 358 544 2,
377 500 449 546 63:
490 478 617 536 t0r¹va
651 478 810 536 leaena
837 479 984 548 lup³u1n
1017 497 1020 548 Ι
1050 498 1261 548 sequitur,
1290 478 1416 549 lupus
1444 478 1538 548 iplse
1567 479 1797 548 capellam,

490 579 727 618 florentem
763 580 952 631 cytisum
987 581 1188 630 sequitur
1221 579 1384 618 lasciva
1414 578 1572 630 puella,

491 667 536 700 te
571 659 793 713 Corydon,
827 675 850 700 o
885 661 1030 700 Alexi.

331 757 454 804 7‚61:
496 736 685 807 pop¹ulus
717 747 906 794 Alcidae
936 752 939 810 Ι
969 756 1236 806 gratissima,
1269 736 1367 793 vitis
1400 746 1574 801 Iaccho,

490 837 717 876 formosae
752 842 923 888 myrtus
947 836 1127 882 Veneri,
1159 850 1240 875 sua
1271 836 1422 875 laurea
1454 835 1659 881 Phoebo:

366 952 544 992 Deinde
583 955 625 992 in
666 954 807 992 altera
843 953 983 992 classe
1018 967 1071 992 ea
1105 953 1315 1005 exempla
1348 954 1474 991 huius
1507 954 1796 1004 symmetriae

249 1036 449 1070 numero,
493 1025 535 1062 in
577 1026 736 1075 quibus
774 1025 959 1063 verbum
1003 1024 1241 1075 quoddam,
1284 1024 1403 1075 quod
1442 1025 1581 1062 verbo
1618 1024 1797 1061 alterius

250 1094 440 1131 membri
490 1095 756 1145 respondet,
808 1095 908 1133 huic
961 1094 1087 1132 alteri
1136 1094 1416 1132 hemistichio
1468 1094 1663 1132 additum
1710 1099 1796 1133 est:

249 1176 339 1214 qua
387 1177 436 1201 re
487 1163 558 1202 illa
609 1164 903 1215 aequabilitas
953 1164 1185 1203 invalidior
1237 1165 1417 1215 quidem
1471 1163 1536 1210 fit,
1589 1176 1686 1202 cum
1742 1177 1797 1202 ne

248 1235 388 1272 verba
440 1235 523 1272 sibi
579 1235 901 1285 respondentia
960 1235 1137 1286 quidem
1199 1235 1241 1272 in
1299 1233 1459 1273 finibus
1516 1235 1795 1285 propriorum

249 1303 628 1343 hemistichiorum
682 1306 944 1351 manserint,
995 1310 1040 1342 at
1088 1318 1175 1343 non
1226 1306 1405 1343 omnino
1451 1304 1627 1343 tollitur.
1695 1304 1797 1342 Eius

247 1376 431 1425 generis
472 1381 575 1413 sunt
614 1375 658 1413 hi
689 1388 845 1413 versus
883 1375 1161 1425 eclogarum:

955 1503 984 1550 Ι,
1013 1503 1089 1541 1b:

566 1578 574 1592 1
770 1578 780 1593 2
1063 1578 1074 1592 2!
1312 1577 1322 1592 ’Ζ
1519 1577 1528 1591 1

247 1595 290 1648 α)
349 1607 443 1646 7‚4:
508 1598 641 1635 ambo
675 1596 888 1635 fiorentes
917 1596 921 1648 Ι
951 1597 1186 1642 aetatibus,
1219 1597 1426 1635 Arcades
1460 1598 1604 1641 ambo,

369 1691 441 1728 ubi
473 1703 581 1728 sane
616 1692 822 1729 notiones
854 1703 1010 1741 parum
1046 1691 1128 1729 sibi
1158 1691 1455 1741 respondent:

246 1771 289 1823 β)
346 1774 472 1820 o‚58:
1376 1767 1563 1810 forsitan
1597 1771 1713 1810 illum

508 1847 585 1904 aut
611 1858 752 1904 herba
778 1846 957 1916 captum
990 1863 993 1919 1
1022 1857 1149 1904 viridi
1176 1846 1253 1903 aiit
1279 1857 1483 1903 armenta
1510 1844 1712 1903 secutum

509 1948 762 1998 perducant
795 1947 968 1999 aliquae
1002 1947 1176 1986 stabula
1210 1947 1267 1985 ad
1301 1945 1522 1997 Gortynia
1554 1959 1732 1985 vaccae.

248 2039 288 2093 γ)
346 2053 381 2089 5,
403 2055 442 2080 1:
506 2039 593 2080 Cur
626 2054 714 2079 non
749 2041 918 2092 Mopse,
951 2042 1056 2080 boni
1090 2041 1298 2092 quoniam
1330 2041 1622 2078 convenimus
1652 2040 1796 2085 ambo,

683 2116 694 2131 ε’
1094 2116 1105 2131 -2
1400 2113 1411 2128 3
1570 2114 1581 2129 2

508 2115 554 2172 tii
589 2134 784 2173 calamos
816 2115 971 2173 infl³are
1000 2131 1004 2188 Ι
1034 2134 1166 2181 leves,
1200 2114 1287 2184 egro
1323 2133 1471 2172 dicere
1503 2146 1668 2179 versus,

959 2263 988 2310 I,
1014 2276 1091 2301 2a:

548 2337 557 2351 1
708 2338 718 2353 ’ζ’
1168 2335 1178 2351 3
1330 2336 1339 2350 1
1482 2334 1493 2350 3
1664 2335 1674 2350 2

249 2355 292 2407 α)
348 2369 384 2404 4,
401 2368 474 2405 40:
512 2369 600 2394 non
634 2363 801 2394 rastros
833 2357 1029 2408 patietur
1057 2353 1061 2410 Ι
1091 2356 1261 2402 humus,
1295 2368 1382 2394 non
1416 2355 1547 2393 vinea
1579 2353 1753 2392 falcem.

1263 2429 1273 2443 :3
1407 2429 1417 2443 l
1523 2429 1534 2444 2
1682 2427 1692 2442 3

349 2462 384 2498 5,
404 2461 475 2499 77;
511 2431 707 2501 dumique
729 2432 884 2501 thymo
907 2455 1150 2501 pascentur
1178 2446 1183 2503 Ι
1213 2462 1333 2499 apes,
1355 2448 1454 2486 dum
1480 2460 1579 2486 rore
1602 2446 1797 2485 cicadae.

947 2577 995 2623 H,
1025 2591 1037 2615 1
1055 2579 1101 2615 b:

547 2652 557 2667 l
717 2652 728 2667 ’Ξ
940 2650 950 2666 3
1174 2650 1184 2666 3
1320 2651 1327 2665 1
1495 2649 1505 2664 :³
1682 2649 1693 2664 ‘2

248 2670 292 2724 β)
325 2684 386 2717 10,
406 2683 477 2719 29:
512 2683 596 2709 nec
630 2670 820 2709 lacrimis
853 2670 1043 2709 crudelis
1072 2669 1076 2721 1
1105 2670 1250 2708 Amor
1283 2682 1366 2708 nec
1399 2670 1606 2720 gramina
1637 2669 1739 2706 rivis

510 2765 594 2791 nec
627 2753 769 2803 cytiso
803 2756 1059 2790 saturantur
1092 2764 1200 2802 apes
1234 2763 1318 2789 nec
1350 2749 1510 2788 fronde
1545 2748 1757 2799 capellae.

702 2827 713 2842 ‘3
1366 2824 1374 2838 1
1517 2824 1528 2838 ‘2

250 2844 292 2898 y)
348 2857 472 2895 7‚57:
507 2826 606 2883 afet
639 2858 760 2896 ager,
792 2826 899 2884 vitio
929 2844 932 2896 l
963 2825 1157 2882 moriens
1190 2825 1282 2882 sitit
1314 2844 1428 2881 aeris
1462 2843 1614 2888 herba,

510 2925 647 2965 Liber
678 2927 940 2977 pampineas
973 2926 1130 2964 invidit
1161 2924 1346 2964 collibus
1381 2925 1572 2962 umbras.
