2222 3417
954 262 1243 298 -81—

322 377 514 427 positum
563 383 643 423 est,
683 377 725 414 in
765 376 912 414 media
951 377 1180 414 sententia
1221 377 1459 427 repetitur3
1507 390 1622 428 quae
1660 378 1869 428 repetitio

322 448 377 485 ab
412 447 641 498 anaphora
677 460 730 485 eo
765 446 923 492 differt,
959 446 1079 497 quod
1114 446 1257 485 nullae
1292 448 1498 485 notiones
1532 447 1756 498 aequales,
1789 448 1870 486 sed

321 524 474 568 partes
525 517 722 555 eiusdem
776 518 1028 555 sententiae
1074 530 1212 555 voces
1259 518 1475 568 repetitas
1519 523 1778 568 sequuntur,
1824 523 1871 556 ut

320 600 453 625 sensu
477 587 598 626 salvo
623 589 749 626 verbi
772 588 946 626 iteratio
971 587 1091 625 demi
1113 589 1266 638 possit.
1321 589 1531 639 Apparet
1554 601 1650 625 eam
1678 586 1867 638 figuram

322 659 497 696 maioris
550 659 767 696 momenti
821 671 918 696 esse
964 658 1205 709 anaphora,
1251 671 1349 696 cum
1397 658 1509 696 haec
1555 658 1768 708 imprimis
1813 658 1868 696 ad

320 729 637 779 coniungenda
673 730 873 767 membra
897 729 1135 779 pertineat,
1169 728 1238 766 illa
1262 728 1415 774 solum,
1441 734 1486 766 ut
1510 728 1673 778 aliquid
1697 733 1866 766 certum

319 797 587 845 efficeretur,
621 799 821 837 adhibita
853 800 920 837 sit.

434 853 551 907 Iam*
580 869 719 908 affero
772 869 979 920 exempla
1026 870 1153 907 huius
1198 869 1382 919 generis
1428 868 1617 914 dicendi,
1664 880 1780 919 quae
1824 869 1864 906 in

318 938 537 978 Bucolicis
572 939 760 991 Vergilii
793 941 1108 978 observantur:

353 1022 473 1059 1‚74:
528 1012 600 1049 ite
636 1024 763 1049 meae
798 1010 905 1048 felix
938 1010 1163 1061 quondam
1199 1022 1349 1060 pecus,
1382 1010 1454 1047 ite
1488 1008 1702 1060 capellae.

350 1092 470 1130 244:
523 1082 594 1118 ite
630 1082 807 1119 domum
844 1082 971 1131 pasti,
1004 1081 1039 1117 si
1073 1081 1170 1131 quis
1202 1080 1357 1130 pudor,
1392 1080 1462 1117 ite
1497 1079 1684 1117 iuvenci.

323 1163 472 1201 10‚77:
528 1153 599 1189 ite
634 1151 811 1189 domum
848 1156 1040 1195 saturae,
1073 1151 1196 1188 venit
1229 1149 1473 1200 Hesperus,
1507 1150 1578 1186 ite
1613 1147 1825 1199 capellae.

348 1223 453 1269 8⁷69
490 1228 592 1260 etc.:
629 1221 808 1259 ducite
843 1221 898 1258 ab
935 1221 1043 1258 urbe
1084 1220 1277 1267 domum,
1310 1233 1412 1258 mea
1445 1220 1654 1265 carmina,
1688 1219 1864 1257 ducite

1623 1289 1863 1340 Daphnim.

346 1363 470 1405 8‚61:
524 1361 709 1399 desine
745 1361 1004 1405 Maenalio&
1036 1362 1122 1398 iam
1159 1361 1341 1398 desine
1376 1360 1484 1398 tibia
1517 1372 1684 1398 versus.

345 1434 380 1475 8,
402 1444 499 1477 loo:
530 1432 755 1482 parcite,
783 1431 838 1469 ab
869 1433 976 1469 urbe
1005 1431 1138 1477 venit,
1166 1432 1249 1468 iam
1280 1431 1487 1481 parcite
1520 1430 1718 1467 carmina

1605 1499 1860 1550 Daphnis.1)

345 1573 471 1619 5‚81:
527 1585 661 1623 quae
696 1572 786 1618 tibi,
820 1585 954 1623 quae
988 1571 1063 1610 tali
1096 1571 1281 1610 reddam
1316 1584 1396 1621 pro
1431 1571 1628 1609 carmine
1664 1570 1805 1607 dona?

343 1654 468 1689 4‚11:
524 1642 692 1693 Teque
727 1642 840 1680 adeo
875 1642 1012 1680 decus
1046 1643 1132 1679 hoc
1167 1643 1276 1686 aevi,
1310 1647 1360 1678 te
1393 1639 1575 1678 consule
1609 1640 1746 1683 inibit.

344 1714 379 1758 ὁ,
396 1725 438 1760 9:
523 1725 611 1750 non
628 1713 792 1750 iniussa
807 1725 939 1752 cano:
964 1713 1005 1750 si
1029 1713 1144 1763 quis
1166 1718 1318 1749 tamen
1340 1711 1452 1749 haec
1473 1723 1666 1761 quoque,
1689 1710 1863 1760 siquis

525 1787 682 1833 captus
716 1795 868 1820 amore
903 1781 1037 1832 leget,
1062 1813 1069 1820 .
1094 1813 1100 1820 .
1124 1813 1132 1820 .

344 1854 379 1899 6,
397 1865 468 1900 55:
1085 1851 1338 1897 claudite,
1367 1850 1621 1902 Nymphae,

522 1921 741 1960 Dictaeae
771 1921 1023 1973 Nymphae,
1058 1935 1287 1960 nemorum
1325 1922 1408 1959 iam
1446 1920 1679 1965 claudite
1713 1918 1862 1957 saltus,

343 1997 468 2042 9‚oo:
1078 1992 1180 2037 hic,
1216 1992 1288 2029 uhi
1322 1991 1484 2028 densas

525 2063 751 2113 agricolae
784 2063 1011 2113 stringunt
1043 2061 1239 2108 frondes,
1272 2061 1353 2099 hic
1387 2060 1528 2099 Moeri
1562 2072 1791 2098 canamus.

315 2137 393 2176 His
426 2138 576 2176 similis
611 2144 679 2176 est
711 2139 920 2189 repetitio
955 2140 995 2176 in
1031 2139 1233 2176 versibus
1268 2137 1346 2176 ecl.
1370 2139 1559 2187 4,58sq:

522 2207 626 2246 Pan
662 2210 837 2255 etiam,
869 2208 1069 2247 Arcadia
1104 2221 1275 2246 mecum
1312 2209 1347 2245 si
1379 2207 1523 2245 iudice
1557 2211 1715 2251 certet,

523 2277 627 2315 Pan
664 2279 821 2316 etiam
857 2279 1054 2316 Arcadia
1088 2279 1207 2315 dicat
1240 2291 1287 2315 se
1321 2278 1464 2315 iudice
1498 2278 1680 2314 victum.

313 2352 413 2391 Huc
435 2366 543 2391 vero
568 2366 655 2391 non
681 2353 946 2391 trahendam
972 2366 1069 2391 esse
1096 2366 1260 2392 censeo
1284 2353 1601 2403 repetitionem
1619 2352 1856 2389 verborum

316 2422 439 2471 ⁷‚talis
463 2424 612 2461 amor“
640 2424 681 2461 in
706 2422 755 2462 Β.
779 2426 815 2470 8,
832 2422 975 2475 85s‘89,
1000 2436 1116 2474 quae
1136 2424 1193 2461 ihi
1218 2424 1377 2461 iterata
1392 2428 1507 2468 sunt,
1531 2422 1632 2472 quia
1648 2421 1858 2471 periodus

312 2493 439 2530 nimis
473 2493 609 2543 longa
649 2499 728 2531 est.
790 2492 1095 2543 Cognovimus
1142 2495 1278 2543 igitur
1322 2493 1406 2530 hoc
1445 2504 1591 2542 genus
1631 2489 1860 2540 condupli-

312 2563 499 2600 cationis
545 2563 585 2600 in
626 2562 846 2601 Bucolicis
888 2561 1075 2613 Vergilii
1116 2576 1203 2600 non
1249 2575 1393 2600 rarum
1444 2574 1556 2601 esse.
1625 2558 1756 2598 Cuius
1794 2559 1859 2597 rei

312 2644 446 2670 causa
470 2632 573 2669 inde
596 2633 847 2683 repetenda
872 2645 970 2669 esse
995 2632 1183 2679 videtur,
1218 2632 1338 2683 quod
1361 2645 1413 2670 ea
1438 2631 1709 2682 repetitione
1733 2630 1857 2667 suavi

313 2703 438 2752 quasi
472 2701 700 2740 mollitudo
735 2702 1069 2752 modulatioque
1098 2703 1341 2739 carminum
1369 2706 1649 2739 cantatorum
1676 2699 1854 2736 auribus

409 2805 432 2840 ¹)
452 2805 554 2836 Hanc
575 2805 849 2836 collocationem
870 2806 1063 2836 verborum
1084 2804 1213 2836 codice
1233 2804 1395 2836 Palatino
1415 2803 1565 2845 aliisque
1580 2802 1745 2833 traditam
1760 2800 1859 2842 equi-

312 2863 395 2895 dem
415 2862 600 2905 praefero;
623 2863 651 2895 si
673 2863 751 2905 quis
768 2866 887 2895 autem
904 2874 985 2895 curn
1001 2862 1182 2894 nonnullis
1197 2863 1395 2894 editoribus
1411 2862 1479 2893 sic:
1503 2860 1683 2902 „carmina
1700 2858 1858 2901 parcite“

312 2921 435 2962 legere
456 2921 565 2960 malit,
587 2921 620 2952 ei
640 2921 699 2953 hie
721 2931 850 2953 versus
871 2921 905 2952 in
927 2922 1105 2964 exemplis
1127 2921 1240 2963 primo
1261 2920 1342 2951 loeo
1361 2919 1515 2950 laudatis
1535 2917 1778 2949 numerandus
1792 2920 1858 2949 est.

382 2977 484 3003 Gimm.
1605 2978 1624 3007 ὁ
