2222 3417
988 263 1280 310 —43—

1062 378 1112 424 Π,
1138 390 1210 416 za:

363 466 403 518 β)
442 479 476 514 5,
498 477 564 503 10:
603 464 762 514 incipe,
797 461 966 513 Mopse,
997 461 1129 512 prior,
1161 460 1197 498 si
1220 471 1332 510 quos
1357 462 1433 496 aut
1453 455 1667 507 Phyllidis
1689 457 1820 507 ignes

606 538 681 596 aut
712 537 898 594 Alc—'onis
931 554 1072 592 habes
1101 553 1106 605 l
1135 533 1289 591 laulies
1323 532 1399 590 aut
1431 530 1576 601 iurgstia
1608 531 1753 589 Co²dri.

418 658 566 694 Io,3o:
605 645 706 683 vide
738 656 894 682 versus
928 641 1060 681 modo
1095 641 1359 691 exscriptos.

367 751 447 789 His
481 749 596 788 addo
631 750 763 787 etiam
800 748 881 786 hos
913 759 1086 791 versus,
1126 746 1167 784 in
1209 745 1371 796 quibus
1403 743 1562 782 saltem
1596 755 1700 793 pars
1733 740 1912 780 alterius

367 821 559 859 notionis
597 818 854 871 parallelae,
893 817 1064 856 scilicet
1105 815 1252 865 „seto“
1289 820 1335 853 et
1370 813 1648 863 „formosae‘
1687 813 1913 859 attributa,

366 892 407 928 in
442 889 602 928 finibus
634 890 700 927 sui
734 888 998 926 hemistichii
1031 892 1192 925 restat:

1064 990 1115 1037 Π,
1144 992 1221 1029 1b:

367 1080 403 1129 y)
445 1079 567 1126 3‚83:
605 1075 749 1114 Dulce
783 1076 891 1113 satis
926 1087 1062 1119 umor,
1097 1072 1292 1124 depulsis
1326 1073 1511 1110 arbutus
1544 1069 1711 1116 haedis,

607 1150 729 1208 lenta
761 1150 871 1207 salix
904 1160 996 1207 feto
1027 1167 1031 1219 l
1060 1159 1226 1218 pecori,
1259 1157 1364 1204 mihi
1397 1145 1515 1203 sosus
1548 1144 1788 1215 Anssmtas.

447 1260 570 1308 7,o2:
609 1270 741 1308 quem
778 1269 953 1294 versum
988 1254 1120 1306 paulo
1156 1266 1292 1305 supra
1324 1253 1513 1291 laudavi.

486 1362 577 1401 Sed
640 1362 976 1401 consideremus
1045 1372 1256 1399 numeros
1320 1357 1630 1409 exemplorum
1694 1357 1913 1396 variarum

368 1433 572 1472 classium
628 1440 670 1470 et
717 1444 951 1483 generum.
1024 1430 1086 1469 Illi
1135 1431 1270 1481 priori
1315 1429 1443 1468 classi
1489 1434 1593 1466 sunt
1638 1428 1818 1466 omnino
1870 1438 1915 1474 15

369 1503 595 1554 exempla,
640 1515 756 1554 quae
790 1503 852 1540 sic
887 1515 911 1539 a
946 1502 1073 1539 nobis
1107 1501 1286 1552 digesta
1319 1505 1441 1538 sunt:
1484 1499 1521 1537 1:
1553 1512 1613 1547 11,
1646 1497 1703 1536 11:
1730 1510 1774 1546 4;
1815 1509 1857 1535 a:
1884 1509 1920 1546 9,

369 1575 415 1612 b:
444 1576 486 1613 6:
522 1588 565 1612 a:
594 1585 629 1621 3,
660 1573 705 1624 βε
734 1585 768 1621 5,
802 1587 842 1623 γε
869 1574 905 1619 6,
939 1572 981 1611 6:
1013 1585 1044 1610 1.
1096 1571 1146 1610 In
1177 1570 1316 1608 altera
1345 1569 1487 1608 classe
1518 1582 1561 1607 11
1589 1581 1746 1607 versus
1769 1579 1921 1606 nume-

367 1645 579 1689 ravi1nus;
621 1649 731 1694 quot
770 1643 930 1694 cuique
970 1643 1136 1693 speciei
1178 1642 1283 1687 sint,
1324 1654 1381 1678 ex
1420 1640 1506 1678 hoc
1546 1639 1691 1677 indice
1730 1649 1922 1689 cognos-

367 1721 511 1752 cetur:
552 1713 587 1752 1:
613 1726 648 1761 5,
680 1713 735 1751 11:
761 1715 804 1758 o;
846 1726 882 1751 1:
910 1725 943 1762 7,
978 1725 1019 1751 2:
1043 1725 1088 1760 4;
1124 1725 1167 1750 a:
1191 1725 1229 1760 4,
1263 1712 1309 1749 b:
1337 1722 1378 1760 7;
1414 1724 1456 1749 a:
1481 1723 1515 1759 3,
1549 1710 1594 1761 fx:
1617 1722 1655 1757 4,
1687 1723 1727 1760 y:
1751 1721 1788 1756 4,
1821 1707 1862 1747 6:
1885 1720 1922 1746 ο.

367 1782 586 1822 Videmus
620 1784 756 1834 igitur
789 1782 999 1834 exempla
1032 1782 1185 1821 classis
1218 1782 1387 1833 prioris,
1422 1793 1537 1832 quae
1568 1779 1917 1819 concinnitatem

369 1855 516 1904 magis
549 1858 855 1897 servaverunt,
888 1852 1196 1904 frequentiora
1231 1865 1330 1890 esse
1362 1864 1495 1902 quam
1528 1850 1720 1888 alterius.
1772 1848 1846 1895 Ea,
1878 1849 1920 1886 in

369 1925 530 1975 quibus
571 1923 732 1961 nullum
777 1923 1027 1961 membrum
1068 1935 1166 1961 cum
1211 1921 1291 1960 illis
1331 1921 1622 1960 hemistichiis
1664 1919 1924 1971 aequalibus

371 1994 529 2032 codem
569 1994 723 2031 ordine
758 1994 1043 2031 coniunctum
1081 1998 1230 2030 exstat
1265 1991 1330 2044 (Ι),
1364 1993 1522 2030 iterum
1559 1990 1686 2042 plura
1720 1995 1841 2031 sunt:
1881 1989 1922 2027 in

370 2065 535 2103 ceteris
570 2070 717 2101 autem
756 2063 962 2101 omnibus
995 2062 1073 2113 (H),
1106 2064 1140 2100 si
1164 2062 1282 2101 forte
1307 2063 1507 2113 excipias
1530 2075 1568 2100 v.
1596 2072 1629 2110 7,
1654 2062 1719 2109 58,
1753 2072 1807 2098 ea
1839 2058 1921 2098 alia

371 2134 586 2179 membra,
619 2133 662 2171 id
697 2133 817 2184 quod
851 2134 935 2170 iam
972 2134 1012 2171 in
1046 2132 1070 2186 ξ
1101 2147 1114 2171 I
1145 2133 1498 2178 observavimus,
1532 2132 1725 2169 maxime
1760 2130 1923 2168 idonea

370 2211 472 2242 sunt
497 2203 552 2241 ad
577 2203 690 2241 illam
716 2204 1023 2254 symmetriam
1049 2201 1418 2249 confirmandam,
1453 2203 1557 2253 quia
1583 2199 1760 2251 singula
1782 2200 1921 2238 verba

371 2287 523 2312 eorum
560 2275 708 2312 verbis
749 2272 998 2324 aequalium
1036 2274 1204 2323 optime
1239 2272 1529 2323 respondent.
1592 2270 1768 2309 Deinde
1803 2269 1922 2321 quod

371 2345 535 2381 attinet
575 2344 630 2381 ad
670 2345 811 2381 verba
851 2344 1105 2381 communia
1144 2344 1358 2381 membris
1398 2343 1583 2387 inserta,
1629 2353 1816 2380 neccsse
1855 2345 1924 2378 est

372 2426 533 2451 omues
558 2426 712 2451 versus
735 2414 892 2464 prioris
915 2413 1068 2451 classis
1092 2426 1190 2451 esse
1215 2414 1393 2464 speciei,
1417 2425 1550 2463 quam
1573 2411 1675 2450 alibi
1694 2423 1879 2449 numero
1900 2422 1919 2448 2

370 2484 569 2533 signavi:
605 2490 650 2521 at
674 2483 1121 2521 animadvertendum
1149 2489 1216 2521 est
1238 2489 1420 2534 praeter
1444 2482 1556 2520 haec
1580 2480 1799 2520 vocabula
1821 2485 1925 2532 post

372 2554 634 2590 incisionem
672 2555 818 2603 posita
853 2553 935 2591 alia
970 2554 1107 2591 verba
1142 2553 1443 2591 membrorum
1475 2552 1726 2590 communia
1752 2556 1924 2589 tantum

373 2624 412 2660 in
461 2623 639 2661 duobus
685 2626 737 2672 (7,
769 2628 835 2670 04,
884 2636 912 2667 ι,
943 2633 1011 2672 45)
1059 2636 1309 2662 occurrere.
1384 2622 1454 2661 De
1500 2621 1704 2660 versibus
1749 2620 1928 2659 alterius

372 2692 527 2731 classis
557 2692 706 2743 plures
734 2706 833 2730 esse
862 2694 955 2731 sin<¹
984 2694 1124 2731 verbo
1151 2694 1452 2731 membrorum
1480 2692 1704 2731 communi
1730 2690 1928 2729 vidimus.

373 2761 482 2800 Tum
535 2776 709 2809 versuS,
756 2764 794 2800 in
843 2764 1004 2813 quibus
1053 2763 1119 2801 illa
1162 2763 1461 2814 ccmgruentia
1504 2763 1755 2800 accuratior
1793 2761 1928 2798 hemi-

372 2833 627 2869 stichiorum
668 2832 835 2870 littera:
870 2846 893 2870 a
929 2834 1105 2884 signata
1145 2834 1424 2879 observatur,
1458 2833 1498 2871 in
1536 2845 1709 2870 summa
1740 2830 1924 2869 totidem

372 2910 472 2939 sunt
514 2908 651 2953 atquc
697 2904 834 2940 ceteri
872 2904 942 2952 (b).
1010 2903 1080 2941 Dc
1126 2904 1373 2954 generibus
1417 2901 1722 2953 coniungendi
1768 2902 1924 2940 iterum
