<?xml version="1.0" encoding="UTF-8"?>
<!DOCTYPE html PUBLIC "-//W3C//DTD XHTML 1.0 Transitional//EN"
    "http://www.w3.org/TR/xhtml1/DTD/xhtml1-transitional.dtd">
<html xmlns="http://www.w3.org/1999/xhtml" xml:lang="en" lang="en">
 <head>
  <title>
</title>
<meta http-equiv="Content-Type" content="text/html;charset=utf-8" />
  <meta name='ocr-system' content='tesseract 3.04.00' />
  <meta name='ocr-capabilities' content='ocr_page ocr_carea ocr_par ocr_line ocrx_word'/>
</head>
<body>
  <div class='ocr_page' id='page_1' title='image "./devergiliistilob00gimmuoft_0103.png"; bbox 0 0 2222 3417; ppageno 0'>
   <div class='ocr_carea' id='block_1_1' title="bbox 919 264 1206 301">
    <p class='ocr_par' dir='ltr' id='par_1_1' title="bbox 919 264 1206 301">
     <span class='ocr_line' id='line_1_1' title="bbox 919 264 1206 301; baseline 0 -23"><span class='ocrx_word' id='word_1_1' title='bbox 919 264 1206 301; x_wconf 57' lang='lat'>-99-</span> 
     </span>
    </p>
   </div>
   <div class='ocr_carea' id='block_1_2' title="bbox 287 366 1846 984">
    <p class='ocr_par' dir='ltr' id='par_1_2' title="bbox 287 366 1846 984">
     <span class='ocr_line' id='line_1_2' title="bbox 406 366 1843 420; baseline -0.001 -13"><span class='ocrx_word' id='word_1_2' title='bbox 406 368 469 408; x_wconf 91' lang='lat' dir='ltr'>Ut</span> <span class='ocrx_word' id='word_1_3' title='bbox 492 382 556 416; x_wconf 91' lang='lat' dir='ltr'>ea,</span> <span class='ocrx_word' id='word_1_4' title='bbox 580 382 695 420; x_wconf 90' lang='lat' dir='ltr'>quae</span> <span class='ocrx_word' id='word_1_5' title='bbox 719 369 760 406; x_wconf 89' lang='lat' dir='ltr'>in</span> <span class='ocrx_word' id='word_1_6' title='bbox 786 368 871 407; x_wconf 90' lang='lat' dir='ltr'>hoc</span> <span class='ocrx_word' id='word_1_7' title='bbox 895 369 1044 419; x_wconf 92' lang='lat' dir='ltr'>capite</span> <span class='ocrx_word' id='word_1_8' title='bbox 1069 368 1270 413; x_wconf 88' lang='lat' dir='ltr'>disserui,</span> <span class='ocrx_word' id='word_1_9' title='bbox 1294 366 1843 419; x_wconf 84' lang='lat' dir='ltr'>complectar,Vergilium</span> 
     </span>
     <span class='ocr_line' id='line_1_3' title="bbox 287 437 1842 490; baseline -0.002 -12"><span class='ocrx_word' id='word_1_10' title='bbox 287 441 329 478; x_wconf 91' lang='lat' dir='ltr'>in</span> <span class='ocrx_word' id='word_1_11' title='bbox 365 440 534 490; x_wconf 88' lang='lat' dir='ltr'>eclogis</span> <span class='ocrx_word' id='word_1_12' title='bbox 566 440 697 478; x_wconf 87' lang='lat' dir='ltr'>variis</span> <span class='ocrx_word' id='word_1_13' title='bbox 730 439 976 490; x_wconf 87' lang='lat' dir='ltr'>generibus</span> <span class='ocrx_word' id='word_1_14' title='bbox 1008 439 1327 489; x_wconf 81' lang='lat' dir='ltr'>repetitionum</span> <span class='ocrx_word' id='word_1_15' title='bbox 1365 437 1502 476; x_wconf 89' lang='lat' dir='ltr'>multo</span> <span class='ocrx_word' id='word_1_16' title='bbox 1538 439 1683 488; x_wconf 87' lang='lat' dir='ltr'>magis</span> <span class='ocrx_word' id='word_1_17' title='bbox 1718 450 1842 476; x_wconf 87' lang='lat' dir='ltr'>usum</span> 
     </span>
     <span class='ocr_line' id='line_1_4' title="bbox 288 507 1843 562; baseline -0.001 -15"><span class='ocrx_word' id='word_1_18' title='bbox 288 523 387 549; x_wconf 87' lang='lat' dir='ltr'>esse</span> <span class='ocrx_word' id='word_1_19' title='bbox 422 523 552 562; x_wconf 89' lang='lat' dir='ltr'>quam</span> <span class='ocrx_word' id='word_1_20' title='bbox 589 511 629 548; x_wconf 88' lang='lat' dir='ltr'>in</span> <span class='ocrx_word' id='word_1_21' title='bbox 666 509 785 548; x_wconf 87' lang='lat' dir='ltr'>libris</span> <span class='ocrx_word' id='word_1_22' title='bbox 818 510 955 561; x_wconf 80' lang='lat' dir='ltr'>epicis</span> <span class='ocrx_word' id='word_1_23' title='bbox 989 510 1307 560; x_wconf 86' lang='lat' dir='ltr'>cognovimus;</span> <span class='ocrx_word' id='word_1_24' title='bbox 1345 515 1391 547; x_wconf 89' lang='lat' dir='ltr'>ut</span> <span class='ocrx_word' id='word_1_25' title='bbox 1422 507 1494 546; x_wconf 90' lang='lat' dir='ltr'>illa</span> <span class='ocrx_word' id='word_1_26' title='bbox 1522 508 1843 559; x_wconf 71' lang='lat' dir='ltr'>aequabilitate</span> 
     </span>
     <span class='ocr_line' id='line_1_5' title="bbox 288 578 1846 631; baseline -0.001 -13"><span class='ocrx_word' id='word_1_27' title='bbox 288 581 606 625; x_wconf 84' lang='lat' dir='ltr'>membrorum,</span> <span class='ocrx_word' id='word_1_28' title='bbox 638 581 699 618; x_wconf 87' lang='lat' dir='ltr'>ita</span> <span class='ocrx_word' id='word_1_29' title='bbox 723 581 788 619; x_wconf 90' lang='lat' dir='ltr'>his</span> <span class='ocrx_word' id='word_1_30' title='bbox 811 579 965 631; x_wconf 87' lang='lat' dir='ltr'>figuris</span> <span class='ocrx_word' id='word_1_31' title='bbox 990 580 1184 618; x_wconf 77' lang='lat' dir='ltr'>maxime</span> <span class='ocrx_word' id='word_1_32' title='bbox 1208 579 1412 631; x_wconf 80' lang='grc' dir='ltr'><em>ἀφέλειαν,</em></span> <span class='ocrx_word' id='word_1_33' title='bbox 1437 591 1525 630; x_wconf 90' lang='lat' dir='ltr'>qua</span> <span class='ocrx_word' id='word_1_34' title='bbox 1555 578 1655 616; x_wconf 90' lang='lat' dir='ltr'>huic</span> <span class='ocrx_word' id='word_1_35' title='bbox 1685 579 1846 629; x_wconf 80' lang='lat' dir='ltr'>generi</span> 
     </span>
     <span class='ocr_line' id='line_1_6' title="bbox 289 648 1843 702; baseline -0.002 -13"><span class='ocrx_word' id='word_1_36' title='bbox 289 650 533 689; x_wconf 88' lang='lat' dir='ltr'>litterarum</span> <span class='ocrx_word' id='word_1_37' title='bbox 554 664 664 702; x_wconf 90' lang='lat' dir='ltr'>opus</span> <span class='ocrx_word' id='word_1_38' title='bbox 680 657 759 696; x_wconf 85' lang='lat' dir='ltr'>est,</span> <span class='ocrx_word' id='word_1_39' title='bbox 779 651 1009 702; x_wconf 76' lang='lat' dir='ltr'>appetivit.</span> <span class='ocrx_word' id='word_1_40' title='bbox 1042 649 1170 688; x_wconf 82' lang='lat' dir='ltr'>Haec</span> <span class='ocrx_word' id='word_1_41' title='bbox 1181 648 1411 700; x_wconf 88' lang='lat' dir='ltr'>Vergilius</span> <span class='ocrx_word' id='word_1_42' title='bbox 1426 651 1532 687; x_wconf 86' lang='lat' dir='ltr'>item</span> <span class='ocrx_word' id='word_1_43' title='bbox 1551 662 1576 687; x_wconf 85' lang='lat' dir='ltr'>a</span> <span class='ocrx_word' id='word_1_44' title='bbox 1592 648 1843 693; x_wconf 85' lang='lat' dir='ltr'>Theocrito,</span> 
     </span>
     <span class='ocr_line' id='line_1_7' title="bbox 289 717 1844 772; baseline -0.002 -13"><span class='ocrx_word' id='word_1_45' title='bbox 289 726 337 759; x_wconf 90' lang='lat' dir='ltr'>ut</span> <span class='ocrx_word' id='word_1_46' title='bbox 364 721 564 767; x_wconf 82' lang='lat' dir='ltr'>vidimus,</span> <span class='ocrx_word' id='word_1_47' title='bbox 598 722 785 772; x_wconf 89' lang='lat' dir='ltr'>accepit.</span> <span class='ocrx_word' id='word_1_48' title='bbox 839 720 1048 772; x_wconf 92' lang='lat' dir='ltr'>Denique</span> <span class='ocrx_word' id='word_1_49' title='bbox 1078 721 1121 759; x_wconf 91' lang='lat' dir='ltr'>in</span> <span class='ocrx_word' id='word_1_50' title='bbox 1145 721 1230 758; x_wconf 91' lang='lat' dir='ltr'>hoc</span> <span class='ocrx_word' id='word_1_51' title='bbox 1256 732 1437 771; x_wconf 90' lang='lat' dir='ltr'>quoque</span> <span class='ocrx_word' id='word_1_52' title='bbox 1462 720 1610 770; x_wconf 90' lang='lat' dir='ltr'>capite</span> <span class='ocrx_word' id='word_1_53' title='bbox 1635 717 1844 757; x_wconf 91' lang='lat' dir='ltr'>nonnulla</span> 
     </span>
     <span class='ocr_line' id='line_1_8' title="bbox 288 788 1846 842; baseline -0.002 -13"><span class='ocrx_word' id='word_1_54' title='bbox 288 798 430 836; x_wconf 89' lang='lat' dir='ltr'>certe,</span> <span class='ocrx_word' id='word_1_55' title='bbox 471 792 630 842; x_wconf 91' lang='lat' dir='ltr'>quibus</span> <span class='ocrx_word' id='word_1_56' title='bbox 669 792 712 830; x_wconf 88' lang='lat' dir='ltr'>hi</span> <span class='ocrx_word' id='word_1_57' title='bbox 750 797 916 842; x_wconf 90' lang='lat' dir='ltr'>poetae</span> <span class='ocrx_word' id='word_1_58' title='bbox 956 792 1224 829; x_wconf 88' lang='lat' dir='ltr'>suavitatem</span> <span class='ocrx_word' id='word_1_59' title='bbox 1270 789 1356 827; x_wconf 89' lang='lat' dir='ltr'>stili</span> <span class='ocrx_word' id='word_1_60' title='bbox 1397 790 1589 827; x_wconf 81' lang='lat' dir='ltr'>assecuti</span> <span class='ocrx_word' id='word_1_61' title='bbox 1630 794 1744 834; x_wconf 82' lang='lat' dir='ltr'>sunt,</span> <span class='ocrx_word' id='word_1_62' title='bbox 1788 788 1846 826; x_wconf 88' lang='lat' dir='ltr'>ad</span> 
     </span>
     <span class='ocr_line' id='line_1_9' title="bbox 288 858 1843 913; baseline -0.003 -13"><span class='ocrx_word' id='word_1_63' title='bbox 288 862 488 900; x_wconf 88' lang='lat' dir='ltr'>carmina</span> <span class='ocrx_word' id='word_1_64' title='bbox 525 863 650 913; x_wconf 90' lang='lat' dir='ltr'>poesi</span> <span class='ocrx_word' id='word_1_65' title='bbox 688 861 891 913; x_wconf 85' lang='lat' dir='ltr'>populari</span> <span class='ocrx_word' id='word_1_66' title='bbox 930 861 1203 912; x_wconf 87' lang='lat' dir='ltr'>propinqua,</span> <span class='ocrx_word' id='word_1_67' title='bbox 1243 873 1359 911; x_wconf 87' lang='lat' dir='ltr'>quae</span> <span class='ocrx_word' id='word_1_68' title='bbox 1400 860 1614 911; x_wconf 82' lang='lat' dir='ltr'>imprimis</span> <span class='ocrx_word' id='word_1_69' title='bbox 1653 858 1843 897; x_wconf 89' lang='lat' dir='ltr'>iucunda</span> 
     </span>
     <span class='ocr_line' id='line_1_10' title="bbox 288 930 1373 984; baseline -0.001 -15"><span class='ocrx_word' id='word_1_70' title='bbox 288 932 482 982; x_wconf 89' lang='lat' dir='ltr'>quadam</span> <span class='ocrx_word' id='word_1_71' title='bbox 517 932 801 984; x_wconf 71' lang='lat' dir='ltr'>simplicitate</span> <span class='ocrx_word' id='word_1_72' title='bbox 836 931 1074 977; x_wconf 75' lang='lat' dir='ltr'>excellunt,</span> <span class='ocrx_word' id='word_1_73' title='bbox 1107 930 1373 969; x_wconf 88' lang='lat' dir='ltr'>rettulimus.</span> 
     </span>
    </p>
   </div>
   <div class='ocr_carea' id='block_1_3' title="bbox 853 1141 1279 1299">
    <p class='ocr_par' dir='ltr' id='par_1_3' title="bbox 853 1141 1279 1299">
     <span class='ocr_line' id='line_1_11' title="bbox 920 1141 1216 1203; baseline 0 -12"><span class='ocrx_word' id='word_1_74' title='bbox 920 1141 1098 1203; x_wconf 80' lang='lat' dir='ltr'>Caput</span> <span class='ocrx_word' id='word_1_75' title='bbox 1132 1141 1216 1191; x_wconf 93' lang='lat'>111.</span> 
     </span>
     <span class='ocr_line' id='line_1_12' title="bbox 853 1235 1279 1299; baseline -0.002 -17"><span class='ocrx_word' id='word_1_76' title='bbox 853 1236 940 1282; x_wconf 88' lang='lat' dir='ltr'>De</span> <span class='ocrx_word' id='word_1_77' title='bbox 977 1235 1279 1299; x_wconf 79' lang='lat' dir='ltr'>parataxi.</span> 
     </span>
    </p>
   </div>
   <div class='ocr_carea' id='block_1_4' title="bbox 287 1327 1845 2502">
    <p class='ocr_par' dir='ltr' id='par_1_4' title="bbox 287 1327 1845 2502">
     <span class='ocr_line' id='line_1_13' title="bbox 407 1327 1844 1380; baseline -0.001 -14"><span class='ocrx_word' id='word_1_78' title='bbox 407 1327 628 1378; x_wconf 73' lang='lat' dir='ltr'>Quoniam</span> <span class='ocrx_word' id='word_1_79' title='bbox 671 1329 726 1367; x_wconf 92' lang='lat' dir='ltr'>de</span> <span class='ocrx_word' id='word_1_80' title='bbox 761 1330 826 1367; x_wconf 92' lang='lat' dir='ltr'>his</span> <span class='ocrx_word' id='word_1_81' title='bbox 859 1329 1012 1368; x_wconf 81' lang='lat' dir='ltr'>formis</span> <span class='ocrx_word' id='word_1_82' title='bbox 1044 1330 1327 1380; x_wconf 85' lang='lat' dir='ltr'>repetitionis</span> <span class='ocrx_word' id='word_1_83' title='bbox 1364 1329 1449 1379; x_wconf 86' lang='lat' dir='ltr'>egi,</span> <span class='ocrx_word' id='word_1_84' title='bbox 1484 1328 1540 1365; x_wconf 89' lang='lat' dir='ltr'>ad</span> <span class='ocrx_word' id='word_1_85' title='bbox 1574 1327 1703 1365; x_wconf 85' lang='lat' dir='ltr'>aliam</span> <span class='ocrx_word' id='word_1_86' title='bbox 1736 1340 1844 1373; x_wconf 89' lang='lat' dir='ltr'>rem,</span> 
     </span>
     <span class='ocr_line' id='line_1_14' title="bbox 288 1397 1841 1450; baseline -0.001 -13"><span class='ocrx_word' id='word_1_87' title='bbox 288 1411 377 1450; x_wconf 87' lang='lat' dir='ltr'>qua</span> <span class='ocrx_word' id='word_1_88' title='bbox 409 1412 557 1437; x_wconf 90' lang='lat' dir='ltr'>sermo</span> <span class='ocrx_word' id='word_1_89' title='bbox 592 1399 832 1450; x_wconf 88' lang='lat' dir='ltr'>simplicior</span> <span class='ocrx_word' id='word_1_90' title='bbox 864 1399 1078 1444; x_wconf 78' lang='lat' dir='ltr'>redditur,</span> <span class='ocrx_word' id='word_1_91' title='bbox 1113 1399 1345 1437; x_wconf 80' lang='lat' dir='ltr'>accedam.</span> <span class='ocrx_word' id='word_1_92' title='bbox 1408 1398 1483 1436; x_wconf 80' lang='lat' dir='ltr'>Ad</span> <span class='ocrx_word' id='word_1_93' title='bbox 1516 1397 1711 1449; x_wconf 75' lang='grc' dir='ltr'><em>ἀφέλειαν</em></span> <span class='ocrx_word' id='word_1_94' title='bbox 1744 1410 1841 1435; x_wconf 90' lang='lat' dir='ltr'>cum</span> 
     </span>
     <span class='ocr_line' id='line_1_15' title="bbox 289 1468 1844 1520; baseline -0.001 -13"><span class='ocrx_word' id='word_1_95' title='bbox 289 1469 395 1507; x_wconf 82' lang='lat' dir='ltr'>alias</span> <span class='ocrx_word' id='word_1_96' title='bbox 427 1482 499 1508; x_wconf 88' lang='lat' dir='ltr'>res</span> <span class='ocrx_word' id='word_1_97' title='bbox 523 1476 614 1508; x_wconf 89' lang='lat' dir='ltr'>tum</span> <span class='ocrx_word' id='word_1_98' title='bbox 639 1470 834 1508; x_wconf 90' lang='lat' dir='ltr'>studium</span> <span class='ocrx_word' id='word_1_99' title='bbox 869 1471 1173 1508; x_wconf 89' lang='lat' dir='ltr'>membrorum</span> <span class='ocrx_word' id='word_1_100' title='bbox 1205 1482 1353 1520; x_wconf 86' lang='lat' dir='ltr'>aequo</span> <span class='ocrx_word' id='word_1_101' title='bbox 1384 1468 1538 1507; x_wconf 86' lang='lat' dir='ltr'>ordine</span> <span class='ocrx_word' id='word_1_102' title='bbox 1567 1469 1844 1518; x_wconf 89' lang='lat' dir='ltr'>coniungen-</span> 
     </span>
     <span class='ocr_line' id='line_1_16' title="bbox 289 1538 1845 1590; baseline -0.001 -14"><span class='ocrx_word' id='word_1_103' title='bbox 289 1539 443 1577; x_wconf 89' lang='lat' dir='ltr'>dorum</span> <span class='ocrx_word' id='word_1_104' title='bbox 480 1541 708 1590; x_wconf 88' lang='lat' dir='ltr'>pertinere</span> <span class='ocrx_word' id='word_1_105' title='bbox 742 1541 858 1578; x_wconf 87' lang='lat' dir='ltr'>inter</span> <span class='ocrx_word' id='word_1_106' title='bbox 893 1553 1049 1578; x_wconf 88' lang='lat' dir='ltr'>omnes</span> <span class='ocrx_word' id='word_1_107' title='bbox 1083 1545 1275 1578; x_wconf 84' lang='lat' dir='ltr'>constat.</span> <span class='ocrx_word' id='word_1_108' title='bbox 1338 1538 1496 1589; x_wconf 88' lang='lat' dir='ltr'>Itaque</span> <span class='ocrx_word' id='word_1_109' title='bbox 1531 1539 1629 1583; x_wconf 16' lang='lat' dir='ltr'>iam,</span> <span class='ocrx_word' id='word_1_110' title='bbox 1658 1550 1845 1588; x_wconf 83' lang='lat' dir='ltr'>exspec-</span> 
     </span>
     <span class='ocr_line' id='line_1_17' title="bbox 288 1608 1844 1660; baseline -0.001 -14"><span class='ocrx_word' id='word_1_111' title='bbox 288 1610 473 1647; x_wconf 85' lang='lat' dir='ltr'>tandum</span> <span class='ocrx_word' id='word_1_112' title='bbox 509 1616 578 1648; x_wconf 86' lang='lat' dir='ltr'>est</span> <span class='ocrx_word' id='word_1_113' title='bbox 611 1609 858 1660; x_wconf 81' lang='lat' dir='ltr'>Vergilium</span> <span class='ocrx_word' id='word_1_114' title='bbox 895 1611 937 1648; x_wconf 88' lang='lat' dir='ltr'>in</span> <span class='ocrx_word' id='word_1_115' title='bbox 971 1610 1205 1655; x_wconf 86' lang='lat' dir='ltr'>Bucolicis,</span> <span class='ocrx_word' id='word_1_116' title='bbox 1241 1622 1328 1660; x_wconf 90' lang='lat' dir='ltr'>qua</span> <span class='ocrx_word' id='word_1_117' title='bbox 1369 1610 1588 1646; x_wconf 84' lang='lat' dir='ltr'>tenuitate</span> <span class='ocrx_word' id='word_1_118' title='bbox 1623 1608 1708 1646; x_wconf 89' lang='lat' dir='ltr'>stili</span> <span class='ocrx_word' id='word_1_119' title='bbox 1741 1621 1844 1646; x_wconf 87' lang='lat' dir='ltr'>con-</span> 
     </span>
     <span class='ocr_line' id='line_1_18' title="bbox 288 1677 1841 1731; baseline -0.001 -14"><span class='ocrx_word' id='word_1_120' title='bbox 288 1680 456 1730; x_wconf 88' lang='lat' dir='ltr'>scripta</span> <span class='ocrx_word' id='word_1_121' title='bbox 488 1686 601 1726; x_wconf 81' lang='lat' dir='ltr'>sunt,</span> <span class='ocrx_word' id='word_1_122' title='bbox 634 1682 885 1731; x_wconf 75' lang='lat' dir='ltr'>parataxim</span> <span class='ocrx_word' id='word_1_123' title='bbox 921 1680 1187 1731; x_wconf 87' lang='lat' dir='ltr'>praetulisse</span> <span class='ocrx_word' id='word_1_124' title='bbox 1222 1680 1454 1730; x_wconf 72' lang='lat' dir='ltr'>hypotaxi.</span> <span class='ocrx_word' id='word_1_125' title='bbox 1519 1677 1609 1717; x_wconf 87' lang='lat' dir='ltr'>Sed</span> <span class='ocrx_word' id='word_1_126' title='bbox 1641 1679 1841 1728; x_wconf 87' lang='lat' dir='ltr'>ineptum</span> 
     </span>
     <span class='ocr_line' id='line_1_19' title="bbox 289 1750 1842 1801; baseline -0.001 -15"><span class='ocrx_word' id='word_1_127' title='bbox 289 1755 421 1794; x_wconf 83' lang='lat' dir='ltr'>esset,</span> <span class='ocrx_word' id='word_1_128' title='bbox 461 1750 495 1787; x_wconf 92' lang='lat' dir='ltr'>si</span> <span class='ocrx_word' id='word_1_129' title='bbox 536 1751 632 1801; x_wconf 92' lang='lat' dir='ltr'>quis</span> <span class='ocrx_word' id='word_1_130' title='bbox 673 1763 1041 1801; x_wconf 88' lang='lat' dir='ltr'>unumquemque</span> <span class='ocrx_word' id='word_1_131' title='bbox 1082 1750 1225 1788; x_wconf 88' lang='lat' dir='ltr'>locum</span> <span class='ocrx_word' id='word_1_132' title='bbox 1264 1750 1418 1787; x_wconf 84' lang='lat' dir='ltr'>horum</span> <span class='ocrx_word' id='word_1_133' title='bbox 1456 1750 1714 1796; x_wconf 72' lang='lat' dir='ltr'>carminum,</span> <span class='ocrx_word' id='word_1_134' title='bbox 1755 1761 1842 1799; x_wconf 90' lang='lat' dir='ltr'>quo</span> 
     </span>
     <span class='ocr_line' id='line_1_20' title="bbox 288 1811 1843 1870; baseline 0 -14"><span class='ocrx_word' id='word_1_135' title='bbox 288 1821 494 1858; x_wconf 88' lang='lat' dir='ltr'>membra</span> <span class='ocrx_word' id='word_1_136' title='bbox 527 1821 687 1858; x_wconf 88' lang='lat' dir='ltr'>eodem</span> <span class='ocrx_word' id='word_1_137' title='bbox 723 1821 878 1858; x_wconf 86' lang='lat' dir='ltr'>ordine</span> <span class='ocrx_word' id='word_1_138' title='bbox 914 1821 1156 1858; x_wconf 88' lang='lat' dir='ltr'>coniuncta</span> <span class='ocrx_word' id='word_1_139' title='bbox 1187 1821 1363 1858; x_wconf 85' lang='lat' dir='ltr'>ratione</span> <span class='ocrx_word' id='word_1_140' title='bbox 1400 1811 1691 1870; x_wconf 80' lang='lat' dir='ltr'>hypotactica</span> <span class='ocrx_word' id='word_1_141' title='bbox 1725 1831 1843 1856; x_wconf 92' lang='lat' dir='ltr'>com-</span> 
     </span>
     <span class='ocr_line' id='line_1_21' title="bbox 288 1889 1843 1940; baseline -0.001 -13"><span class='ocrx_word' id='word_1_142' title='bbox 288 1902 458 1940; x_wconf 89' lang='lat' dir='ltr'>ponere</span> <span class='ocrx_word' id='word_1_143' title='bbox 481 1896 646 1940; x_wconf 86' lang='lat' dir='ltr'>posset,</span> <span class='ocrx_word' id='word_1_144' title='bbox 670 1890 739 1928; x_wconf 90' lang='lat' dir='ltr'>hic</span> <span class='ocrx_word' id='word_1_145' title='bbox 764 1889 925 1928; x_wconf 80' lang='lat' dir='ltr'>afferre</span> <span class='ocrx_word' id='word_1_146' title='bbox 950 1889 1095 1928; x_wconf 86' lang='lat' dir='ltr'>vellet.</span> <span class='ocrx_word' id='word_1_147' title='bbox 1141 1889 1257 1928; x_wconf 83' lang='lat' dir='ltr'>Nam</span> <span class='ocrx_word' id='word_1_148' title='bbox 1286 1896 1441 1928; x_wconf 90' lang='lat' dir='ltr'>notum</span> <span class='ocrx_word' id='word_1_149' title='bbox 1468 1896 1547 1935; x_wconf 88' lang='lat' dir='ltr'>est,</span> <span class='ocrx_word' id='word_1_150' title='bbox 1573 1896 1620 1927; x_wconf 85' lang='lat' dir='ltr'>ut</span> <span class='ocrx_word' id='word_1_151' title='bbox 1642 1894 1843 1927; x_wconf 88' lang='lat' dir='ltr'>oratores</span> 
     </span>
     <span class='ocr_line' id='line_1_22' title="bbox 287 1958 1843 2011; baseline -0.001 -13"><span class='ocrx_word' id='word_1_152' title='bbox 287 1958 596 1998; x_wconf 89' lang='lat' dir='ltr'>Romanorum</span> <span class='ocrx_word' id='word_1_153' title='bbox 622 1962 767 2011; x_wconf 87' lang='lat' dir='ltr'>magis</span> <span class='ocrx_word' id='word_1_154' title='bbox 785 1961 1201 1998; x_wconf 84' lang='lat' dir='ltr'>subordinationem</span> <span class='ocrx_word' id='word_1_155' title='bbox 1225 1961 1527 1998; x_wconf 91' lang='lat' dir='ltr'>membrorum</span> <span class='ocrx_word' id='word_1_156' title='bbox 1553 1960 1843 2010; x_wconf 85' lang='lat' dir='ltr'>appetebant,</span> 
     </span>
     <span class='ocr_line' id='line_1_23' title="bbox 289 2028 1844 2082; baseline -0.001 -15"><span class='ocrx_word' id='word_1_157' title='bbox 289 2030 350 2067; x_wconf 89' lang='lat' dir='ltr'>ita</span> <span class='ocrx_word' id='word_1_158' title='bbox 373 2038 544 2080; x_wconf 84' lang='lat' dir='ltr'>poetas,</span> <span class='ocrx_word' id='word_1_159' title='bbox 576 2032 842 2081; x_wconf 85' lang='lat' dir='ltr'>praesertim</span> <span class='ocrx_word' id='word_1_160' title='bbox 869 2032 943 2082; x_wconf 93' lang='lat' dir='ltr'>qui</span> <span class='ocrx_word' id='word_1_161' title='bbox 968 2028 1165 2082; x_wconf 80' lang='lat' dir='ltr'>Augusti</span> <span class='ocrx_word' id='word_1_162' title='bbox 1200 2036 1351 2068; x_wconf 83' lang='lat' dir='ltr'>aetate</span> <span class='ocrx_word' id='word_1_163' title='bbox 1385 2029 1621 2075; x_wconf 88' lang='lat' dir='ltr'>florebant,</span> <span class='ocrx_word' id='word_1_164' title='bbox 1654 2029 1844 2080; x_wconf 89' lang='lat' dir='ltr'>plerum-</span> 
     </span>
     <span class='ocr_line' id='line_1_24' title="bbox 291 2099 1843 2152; baseline -0.001 -15"><span class='ocrx_word' id='word_1_165' title='bbox 291 2112 377 2150; x_wconf 88' lang='lat' dir='ltr'>que</span> <span class='ocrx_word' id='word_1_166' title='bbox 402 2100 786 2139; x_wconf 86' lang='lat' dir='ltr'>coordinationem</span> <span class='ocrx_word' id='word_1_167' title='bbox 812 2101 1099 2152; x_wconf 85' lang='lat' dir='ltr'>praetulisse;</span> <span class='ocrx_word' id='word_1_168' title='bbox 1124 2102 1341 2152; x_wconf 89' lang='lat' dir='ltr'>imprimis</span> <span class='ocrx_word' id='word_1_169' title='bbox 1367 2099 1614 2151; x_wconf 86' lang='lat' dir='ltr'>Vergilium</span> <span class='ocrx_word' id='word_1_170' title='bbox 1640 2101 1680 2137; x_wconf 89' lang='lat' dir='ltr'>in</span> <span class='ocrx_word' id='word_1_171' title='bbox 1707 2100 1843 2137; x_wconf 89' lang='lat' dir='ltr'>omni-</span> 
     </span>
     <span class='ocr_line' id='line_1_25' title="bbox 289 2169 1843 2222; baseline -0.001 -14"><span class='ocrx_word' id='word_1_172' title='bbox 289 2170 372 2208; x_wconf 86' lang='lat' dir='ltr'>bus</span> <span class='ocrx_word' id='word_1_173' title='bbox 407 2171 616 2221; x_wconf 87' lang='lat' dir='ltr'>operibus</span> <span class='ocrx_word' id='word_1_174' title='bbox 644 2184 725 2222; x_wconf 89' lang='lat' dir='ltr'>pro</span> <span class='ocrx_word' id='word_1_175' title='bbox 750 2172 1162 2210; x_wconf 88' lang='lat' dir='ltr'>continuationibus</span> <span class='ocrx_word' id='word_1_176' title='bbox 1187 2171 1334 2222; x_wconf 86' lang='lat' dir='ltr'>longis</span> <span class='ocrx_word' id='word_1_177' title='bbox 1359 2178 1405 2209; x_wconf 88' lang='lat' dir='ltr'>et</span> <span class='ocrx_word' id='word_1_178' title='bbox 1429 2169 1707 2208; x_wconf 83' lang='lat' dir='ltr'>artificiosius</span> <span class='ocrx_word' id='word_1_179' title='bbox 1740 2182 1843 2208; x_wconf 93' lang='lat' dir='ltr'>con—</span> 
     </span>
     <span class='ocr_line' id='line_1_26' title="bbox 288 2239 1843 2291; baseline 0 -14"><span class='ocrx_word' id='word_1_180' title='bbox 288 2241 469 2278; x_wconf 85' lang='lat' dir='ltr'>structis</span> <span class='ocrx_word' id='word_1_181' title='bbox 503 2239 694 2278; x_wconf 87' lang='lat' dir='ltr'>libenter</span> <span class='ocrx_word' id='word_1_182' title='bbox 726 2242 928 2291; x_wconf 83' lang='lat' dir='ltr'>posuisse</span> <span class='ocrx_word' id='word_1_183' title='bbox 963 2243 1195 2279; x_wconf 86' lang='lat' dir='ltr'>enuntiata</span> <span class='ocrx_word' id='word_1_184' title='bbox 1230 2242 1391 2279; x_wconf 91' lang='lat' dir='ltr'>eodem</span> <span class='ocrx_word' id='word_1_185' title='bbox 1425 2241 1579 2279; x_wconf 90' lang='lat' dir='ltr'>ordine</span> <span class='ocrx_word' id='word_1_186' title='bbox 1605 2240 1843 2278; x_wconf 83' lang='lat' dir='ltr'>coniuncta</span> 
     </span>
     <span class='ocr_line' id='line_1_27' title="bbox 288 2309 1839 2361; baseline -0.001 -13"><span class='ocrx_word' id='word_1_187' title='bbox 288 2311 369 2348; x_wconf 84' lang='lat' dir='ltr'>viri</span> <span class='ocrx_word' id='word_1_188' title='bbox 394 2310 513 2348; x_wconf 89' lang='lat' dir='ltr'>docti</span> <span class='ocrx_word' id='word_1_189' title='bbox 536 2318 862 2361; x_wconf 85' lang='lat' dir='ltr'>cognoverunt.</span> <span class='ocrx_word' id='word_1_190' title='bbox 874 2311 901 2360; x_wconf 76' lang='grc'>1’)</span> <span class='ocrx_word' id='word_1_191' title='bbox 952 2311 1171 2350; x_wconf 83' lang='lat' dir='ltr'>Attamen</span> <span class='ocrx_word' id='word_1_192' title='bbox 1197 2311 1398 2350; x_wconf 85' lang='lat' dir='ltr'>conabor</span> <span class='ocrx_word' id='word_1_193' title='bbox 1420 2309 1596 2361; x_wconf 85' lang='lat' dir='ltr'>singula</span> <span class='ocrx_word' id='word_1_194' title='bbox 1620 2309 1839 2361; x_wconf 81' lang='lat' dir='ltr'>quaedam</span> 
     </span>
     <span class='ocr_line' id='line_1_28' title="bbox 288 2379 1844 2433; baseline -0.001 -15"><span class='ocrx_word' id='word_1_195' title='bbox 288 2380 534 2431; x_wconf 86' lang='lat' dir='ltr'>insigniora</span> <span class='ocrx_word' id='word_1_196' title='bbox 580 2381 636 2419; x_wconf 88' lang='lat' dir='ltr'>ad</span> <span class='ocrx_word' id='word_1_197' title='bbox 674 2383 923 2432; x_wconf 82' lang='lat' dir='ltr'>parataxim</span> <span class='ocrx_word' id='word_1_198' title='bbox 967 2383 1251 2432; x_wconf 83' lang='lat' dir='ltr'>pertinentia,</span> <span class='ocrx_word' id='word_1_199' title='bbox 1300 2382 1460 2433; x_wconf 89' lang='lat' dir='ltr'>quibus</span> <span class='ocrx_word' id='word_1_200' title='bbox 1500 2382 1593 2418; x_wconf 84' lang='lat' dir='ltr'>eius</span> <span class='ocrx_word' id='word_1_201' title='bbox 1633 2379 1844 2417; x_wconf 85' lang='lat' dir='ltr'>Bucolica</span> 
     </span>
     <span class='ocr_line' id='line_1_29' title="bbox 288 2451 1307 2502; baseline 0.003 -15"><span class='ocrx_word' id='word_1_202' title='bbox 288 2456 505 2500; x_wconf 85' lang='lat' dir='ltr'>superant</span> <span class='ocrx_word' id='word_1_203' title='bbox 536 2451 709 2501; x_wconf 84' lang='lat' dir='ltr'>reliqua</span> <span class='ocrx_word' id='word_1_204' title='bbox 741 2452 951 2497; x_wconf 82' lang='lat' dir='ltr'>carmina,</span> <span class='ocrx_word' id='word_1_205' title='bbox 984 2452 1054 2489; x_wconf 85' lang='lat' dir='ltr'>hic</span> <span class='ocrx_word' id='word_1_206' title='bbox 1088 2452 1307 2502; x_wconf 78' lang='lat' dir='ltr'>proferre.</span> 
     </span>
    </p>
   </div>
   <div class='ocr_carea' id='block_1_5' title="bbox 481 2577 1643 2630">
    <p class='ocr_par' dir='ltr' id='par_1_5' title="bbox 481 2577 1643 2630">
     <span class='ocr_line' id='line_1_30' title="bbox 481 2577 1643 2630; baseline 0.002 -12"><span class='ocrx_word' id='word_1_207' title='bbox 481 2577 508 2630; x_wconf 63' lang='grc' dir='ltr'>ξ</span> <span class='ocrx_word' id='word_1_208' title='bbox 535 2577 572 2618; x_wconf 93' lang='lat' dir='ltr'>l.</span> <span class='ocrx_word' id='word_1_209' title='bbox 635 2577 701 2619; x_wconf 84' lang='lat' dir='ltr'>De</span> <span class='ocrx_word' id='word_1_210' title='bbox 733 2578 955 2630; x_wconf 81' lang='lat' dir='ltr'>parataxi</span> <span class='ocrx_word' id='word_1_211' title='bbox 986 2579 1035 2619; x_wconf 90' lang='lat' dir='ltr'>in</span> <span class='ocrx_word' id='word_1_212' title='bbox 1067 2578 1380 2621; x_wconf 78' lang='lat' dir='ltr'>similitudine</span> <span class='ocrx_word' id='word_1_213' title='bbox 1415 2578 1643 2620; x_wconf 84' lang='lat' dir='ltr'>adhibita.</span> 
     </span>
    </p>
   </div>
   <div class='ocr_carea' id='block_1_6' title="bbox 290 2659 1842 2782">
    <p class='ocr_par' dir='ltr' id='par_1_6' title="bbox 290 2659 1842 2782">
     <span class='ocr_line' id='line_1_31' title="bbox 408 2659 1841 2711; baseline 0 -14"><span class='ocrx_word' id='word_1_214' title='bbox 408 2659 529 2697; x_wconf 88' lang='lat' dir='ltr'>Inter</span> <span class='ocrx_word' id='word_1_215' title='bbox 561 2672 614 2697; x_wconf 84' lang='lat' dir='ltr'>ea</span> <span class='ocrx_word' id='word_1_216' title='bbox 642 2660 726 2698; x_wconf 87' lang='lat' dir='ltr'>hoc</span> <span class='ocrx_word' id='word_1_217' title='bbox 755 2667 1110 2698; x_wconf 83' lang='lat' dir='ltr'>commemoratu</span> <span class='ocrx_word' id='word_1_218' title='bbox 1143 2661 1327 2711; x_wconf 91' lang='lat' dir='ltr'>dignum</span> <span class='ocrx_word' id='word_1_219' title='bbox 1364 2662 1467 2699; x_wconf 84' lang='lat' dir='ltr'>mihi</span> <span class='ocrx_word' id='word_1_220' title='bbox 1501 2661 1688 2710; x_wconf 82' lang='lat' dir='ltr'>videtur,</span> <span class='ocrx_word' id='word_1_221' title='bbox 1722 2660 1841 2710; x_wconf 91' lang='lat' dir='ltr'>quod</span> 
     </span>
     <span class='ocr_line' id='line_1_32' title="bbox 290 2729 1842 2782; baseline 0.001 -16"><span class='ocrx_word' id='word_1_222' title='bbox 290 2730 333 2766; x_wconf 89' lang='lat' dir='ltr'>in</span> <span class='ocrx_word' id='word_1_223' title='bbox 367 2729 723 2768; x_wconf 88' lang='lat' dir='ltr'>similitudinibus</span> <span class='ocrx_word' id='word_1_224' title='bbox 757 2730 811 2777; x_wconf 88' lang='lat' dir='ltr'>id,</span> <span class='ocrx_word' id='word_1_225' title='bbox 863 2731 982 2781; x_wconf 87' lang='lat' dir='ltr'>quod</span> <span class='ocrx_word' id='word_1_226' title='bbox 1016 2732 1357 2782; x_wconf 82' lang='lat' dir='ltr'>comparatione</span> <span class='ocrx_word' id='word_1_227' title='bbox 1393 2731 1670 2777; x_wconf 88' lang='lat' dir='ltr'>describitur,</span> <span class='ocrx_word' id='word_1_228' title='bbox 1709 2735 1755 2767; x_wconf 90' lang='lat' dir='ltr'>et</span> <span class='ocrx_word' id='word_1_229' title='bbox 1787 2729 1842 2775; x_wconf 89' lang='lat' dir='ltr'>id,</span> 
     </span>
    </p>
   </div>
   <div class='ocr_carea' id='block_1_7' title="bbox 291 2843 1840 2947">
    <p class='ocr_par' dir='ltr' id='par_1_7' title="bbox 291 2843 1840 2947">
     <span class='ocr_line' id='line_1_33' title="bbox 410 2843 1840 2885; baseline -0.001 -9"><span class='ocrx_word' id='word_1_230' title='bbox 410 2845 436 2885; x_wconf 76' lang='lat'>¹)</span> <span class='ocrx_word' id='word_1_231' title='bbox 464 2843 516 2876; x_wconf 76' lang='lat' dir='ltr'>Ct.</span> <span class='ocrx_word' id='word_1_232' title='bbox 550 2844 922 2885; x_wconf 84' lang='lat' dir='ltr'>Stolz-Schmalz,</span> <span class='ocrx_word' id='word_1_233' title='bbox 955 2845 1185 2878; x_wconf 84' lang='lat' dir='ltr'>Lateinische</span> <span class='ocrx_word' id='word_1_234' title='bbox 1220 2845 1477 2878; x_wconf 71' lang='lat' dir='ltr'>Grammatik.⁴</span> <span class='ocrx_word' id='word_1_235' title='bbox 1526 2845 1713 2877; x_wconf 80' lang='lat' dir='ltr'>Miinchen</span> <span class='ocrx_word' id='word_1_236' title='bbox 1744 2854 1840 2883; x_wconf 80' lang='lat'>1910,</span> 
     </span>
     <span class='ocr_line' id='line_1_34' title="bbox 291 2903 1089 2947; baseline 0.004 -14"><span class='ocrx_word' id='word_1_237' title='bbox 291 2912 372 2945; x_wconf 86' lang='lat' dir='ltr'>pag.</span> <span class='ocrx_word' id='word_1_238' title='bbox 393 2905 470 2943; x_wconf 82' lang='lat'>652.</span> <span class='ocrx_word' id='word_1_239' title='bbox 520 2903 718 2943; x_wconf 87' lang='lat' dir='ltr'>Norden,</span> <span class='ocrx_word' id='word_1_240' title='bbox 745 2904 764 2935; x_wconf 96' lang='lat' dir='ltr'>l.</span> <span class='ocrx_word' id='word_1_241' title='bbox 784 2904 804 2936; x_wconf 90' lang='lat' dir='ltr'>l.</span> <span class='ocrx_word' id='word_1_242' title='bbox 831 2915 938 2947; x_wconf 84' lang='lat' dir='ltr'>pagg.</span> <span class='ocrx_word' id='word_1_243' title='bbox 961 2914 1089 2947; x_wconf 86' lang='lat' dir='ltr'>371sq.</span> 
     </span>
    </p>
   </div>
   <div class='ocr_carea' id='block_1_8' title="bbox 1587 2971 1628 3014">
    <p class='ocr_par' dir='ltr' id='par_1_8' title="bbox 1587 2971 1628 3014">
     <span class='ocr_line' id='line_1_35' title="bbox 1587 2971 1628 3014; baseline 0 -23"><span class='ocrx_word' id='word_1_244' title='bbox 1587 2971 1628 3014; x_wconf 70' lang='lat' dir='ltr'>7ss</span> 
     </span>
    </p>
   </div>
  </div>
 </body>
</html>
