2222 3417
889 255 1178 292 —93-

260 363 388 401 alium
430 362 531 401 inde
577 361 725 412 colligi
770 365 940 412 potest,
986 360 1108 411 quod
1152 361 1197 398 in
1240 358 1311 398 illo
1356 359 1611 410 hymenaeo
1651 356 1809 397 Catulli

259 436 308 482 (c.
333 435 401 483 62)
435 431 703 484 compluries
737 430 989 479 occurrit:1)

289 518 331 554 8:
399 516 460 554 sic
494 520 618 553 certe
653 520 739 553 est:
773 513 905 552 viden
941 518 989 551 ut
1020 513 1263 564 perniciter
1296 511 1561 550 exiluere?

401 598 487 623 non
523 590 694 623 temere
729 583 985 630 exiluere,
1019 589 1184 622 canent
1216 582 1335 634 quod
1369 583 1514 620 visere
1547 594 1630 632 par
1665 587 1743 619 est.

265 669 330 695 12:
400 656 628 706 adspicite,
661 656 874 706 innuptae
908 667 1058 692 secum
1096 659 1144 691 ut
1176 653 1434 691 meditata
1467 653 1712 704 requirunt.

400 739 487 765 non
517 725 682 764 frustra
712 725 1055 771 meditantur,
1088 724 1257 762 habent
1281 722 1572 761 memorabile
1598 721 1719 773 quod
1742 722 1808 766 sit,

259 821 419 871 quibus
471 819 598 866 locis,
650 820 763 858 sicut
814 820 857 857 in
910 818 990 856 illis
1035 818 1175 855 tribus
1221 816 1440 868 exemplis
1484 815 1713 854 Theocriti
1763 822 1808 853 et

259 889 446 935 Moschi,
489 891 716 928 sententia
748 890 873 928 novis
906 889 1054 927 verbis
1088 887 1243 926 melius
1277 888 1577 925 determinata
1611 887 1808 937 repetita

259 966 343 1006 est,
380 966 427 998 ut
460 961 500 998 ei
533 959 721 998 alterum
756 959 1007 998 membrum
1043 959 1254 996 antithesi
1288 958 1620 996 adnecteretur.
1683 955 1807 994 Affe-

257 1030 422 1068 rendus
456 1035 523 1068 est
555 1031 625 1068 hic
660 1043 839 1081 quoque
874 1029 996 1068 locus
1030 1029 1226 1067 eiusdem
1254 1028 1472 1073 carminis,
1506 1040 1594 1078 quo
1619 1027 1806 1064 verbum

257 1099 383 1138 simili
413 1100 544 1138 modo
568 1101 822 1150 repetitum,
856 1112 963 1137 sane
1000 1112 1087 1137 non
1123 1098 1283 1136 eodem
1318 1098 1485 1142 ordine,
1519 1097 1805 1136 coniunctum

258 1176 327 1208 est
364 1183 463 1209 curn
505 1171 709 1208 membro
749 1182 866 1208 novo
907 1176 953 1207 et
992 1169 1217 1220 opposito:
1265 1175 1389 1206 certe
1429 1168 1619 1218 cogitari
1655 1172 1808 1217 potest

257 1241 298 1278 in
350 1241 553 1278 versibus
599 1238 801 1286 Graecis,
855 1241 929 1291 qui
975 1239 1230 1290 exemplum
1278 1237 1435 1278 Catulli
1482 1244 1628 1284 erant,
1680 1251 1806 1289 para-

258 1311 396 1348 taxim
430 1310 586 1349 fuisse:

260 1394 329 1440 36:
399 1398 445 1430 at
477 1392 584 1430 libet
616 1393 812 1443 innuptis
845 1391 949 1430 ficto
983 1398 1028 1429 te
1062 1404 1284 1442 carpere
1319 1396 1500 1442 questu:

399 1463 505 1514 quid
538 1469 644 1509 tum,
678 1464 711 1501 si
745 1468 989 1513 carpunt,
1023 1463 1161 1501 tacita
1194 1475 1326 1513 quem
1363 1466 1514 1499 mente
1548 1461 1806 1512 requirunt?

257 1556 465 1608 Denique
483 1558 729 1607 praeterire
750 1557 880 1595 nolim
903 1556 1044 1595 locum
1067 1557 1192 1594 huius
1212 1555 1496 1606 epithalamii,
1514 1568 1601 1606 quo
1618 1555 1802 1593 verbum

256 1627 297 1664 in
324 1627 445 1664 initio
468 1640 623 1665 versus
649 1628 855 1665 iteratum
882 1633 961 1672 est,
997 1633 1043 1664 ut
1066 1627 1106 1664 ei
1130 1626 1316 1664 alterum
1347 1626 1687 1676 adiungeretur:

259 1710 329 1746 60:
399 1721 486 1746 non
521 1721 711 1759 aequum
749 1715 817 1747 est
849 1722 1068 1760 pugnare,
1100 1714 1254 1759 pater
1287 1709 1356 1746 cui
1388 1708 1571 1745 tradidit
1604 1708 1735 1758 ipse,

397 1779 509 1829 ipse
543 1785 697 1829 pater
730 1791 828 1817 cum
864 1784 1018 1824 matre,
1053 1779 1212 1829 quibus
1246 1790 1405 1828 parere
1439 1790 1627 1816 necesse
1662 1785 1741 1823 est,

258 1873 331 1923 qui
371 1885 542 1918 verSUS,
581 1873 684 1923 quia
721 1872 995 1923 praepositio
1033 1873 1185 1920 ⁷,cum“
1222 1871 1340 1910 idem
1380 1870 1474 1909 fere
1509 1870 1629 1909 valet
1669 1876 1804 1921 atque

255 1942 473 1993 particula
512 1941 783 1993 copulativa,
823 1954 921 1980 cum
964 1941 1043 1980 illis
1083 1948 1217 1979 antea
1257 1942 1494 1991 exscriptis
1534 1942 1651 1978 bene
1685 1952 1804 1978 com-

255 2019 480 2063 parantur.
550 2011 596 2051 Si
634 2012 826 2063 ἀφέλειαν
867 2012 1022 2050 horum
1064 2011 1371 2062 exemplorum
1414 2010 1699 2062 epanalepsis
1737 2024 1804 2048 re-

256 2083 505 2133 spiciemus,
537 2083 630 2120 Viro
664 2079 961 2133 Francogallo
994 2080 1166 2133 Lafaye
1199 2082 1507 2127 assentiemur,
1542 2082 1615 2132 qui
1650 2081 1704 2118 de
1738 2093 1805 2117 re-

255 2153 546 2203 petitionibus
579 2166 604 2191 a
637 2151 809 2192 Catullo
843 2153 885 2190 in
919 2153 1117 2190 carmine
1153 2154 1217 2190 62.
1251 2151 1460 2190 adhibitis
1497 2151 1581 2189 hoc
1617 2151 1805 2201 scripsit,

256 2222 279 2260 l.
302 2222 325 2260 l.
347 2235 451 2272 pag.
477 2234 548 2272 77:
595 2222 745 2271 ⁷,Dans
778 2222 817 2260 le
851 2222 965 2273 style
1001 2223 1164 2266 meme,
1204 2223 1398 2260 certains
1434 2220 1655 2272 procedes
1689 2234 1803 2258 sem-

257 2292 383 2330 blent
415 2292 715 2331 directement
747 2291 1009 2343 empruntes
1044 2291 1070 2330 a
1101 2290 1272 2342 Sapho:
1307 2290 1371 2329 s’il
1399 2304 1453 2329 en
1482 2296 1552 2329 est
1580 2303 1635 2328 un
1667 2289 1801 2341 qu'on

257 2363 450 2400 attribue
484 2363 727 2401 volontiers
760 2376 848 2400 aux
879 2362 1196 2408 Alexandrins,
1229 2361 1341 2400 c'est
1375 2360 1657 2399 assure'ment
1691 2359 1803 2398 celui

257 2433 331 2483 qui
369 2433 564 2471 consiste
604 2431 630 2470 a
666 2432 849 2483 repeter
889 2447 944 2470 un
987 2440 1082 2470 mot
1117 2445 1230 2482 pour
1269 2433 1446 2470 obtenir
1493 2444 1548 2469 un
1596 2429 1702 2468 effet
1748 2430 1802 2467 de

256 2504 395 2552 grace
440 2500 675 2548 familiere3
723 2515 771 2540 or
808 2500 960 2553 Sapho
1001 2515 1055 2540 en
1096 2503 1215 2540 avait
1261 2501 1341 2540 fait
1386 2514 1525 2551 usage
1566 2514 1619 2538 au
1661 2501 1804 2538 moins

257 2578 414 2610 autant
453 2584 539 2622 que
581 2571 643 2610 les
683 2572 1025 2611 Alexandrins.“
1093 2571 1192 2611 Hoc
1231 2585 1376 2623 genus
1415 2572 1594 2623 quidem
1639 2583 1803 2621 epana-

257 2641 389 2692 lepsis
422 2654 445 2678 a
480 2639 651 2680 Catullo
685 2643 833 2693 potius
866 2655 924 2679 ex
956 2655 1163 2680 sermone
1198 2640 1407 2692 Sapphus
1442 2653 1574 2692 quam
1612 2653 1669 2677 ex
1703 2640 1803 2677 arti-

256 2710 364 2749 ficiis
388 2710 794 2750 Alexandrinorum
829 2718 1053 2763 sumptum
1091 2725 1189 2749 esse
1220 2711 1321 2749 inde
1347 2711 1647 2761 cognoscitur,
1683 2707 1803 2759 quod

377 2837 401 2877 1)
428 2837 504 2869 Hos
529 2838 633 2870 locos
659 2838 723 2869 viri
751 2838 847 2870 docti
873 2839 948 2870 iure
974 2849 1055 2870 cum
1075 2837 1133 2869 illo
1152 2837 1354 2878 fragmento
1375 2837 1544 2878 Sapphus
1563 2835 1803 2874 contulerunt,

257 2897 300 2929 cf.
329 2895 370 2928 G.
398 2895 649 2935 Friedrich,
677 2897 722 2928 ad
750 2906 779 2928 c.
800 2898 853 2929 62.
