2253 3443
577 360 767 398 muscosi
802 358 952 397 fontes
988 358 992 405 Ι
1029 362 1074 395 et
1107 369 1264 395 somno
1299 355 1469 394 mollior
1502 355 1654 401 herba,

334 456 413 493 nisi
434 461 480 493 et
497 455 777 492 substantiva
792 458 839 490 et
854 452 1069 490 attributa
1085 449 1413 501 significatione.
1429 462 1534 488 vere
1552 448 1754 500 aequalia
1771 454 1884 486 sunt.

452 536 524 575 Ac
558 537 746 587 primum
783 535 835 573 ad
872 547 949 572 eos
982 546 1137 572 versus
1171 532 1398 578 accedam,
1432 533 1505 583 qui
1539 532 1580 569 in
1610 531 1727 582 pede
1752 531 1884 569 tertio

333 620 519 646 caesura
548 606 616 645 vel
646 605 961 657 semiquinaria
988 603 1057 642 vel
1082 603 1311 641 trochaica
1334 602 1589 640 inciduntur
1612 608 1657 639 et
1681 601 1886 639 membra

332 677 556 727 parallela,
590 682 636 715 ut
668 677 727 715 ita
763 676 924 721 dicam,
957 675 999 712 in
1032 673 1217 725 singulis
1251 672 1541 711 hemistichiis
1576 672 1757 710 habent.
1813 670 1883 709 De

332 749 528 785 caesuris
563 747 741 798 quidem
767 747 1131 784 hexametrorum
1158 744 1406 781 sententias
1429 744 1623 781 virorum
1649 742 1880 780 doctorum

332 818 438 855 satis
463 818 662 855 diversas
686 830 784 855 esse
810 821 963 854 uotum
995 820 1073 853 est.
1125 814 1373 864 Praecipue
1396 819 1509 857 sunt,
1534 813 1608 863 qui
1631 813 1671 850 in
1698 824 1886 850 caesura

332 888 571 926 statuenda
604 887 842 926 clausulam
877 886 1129 924 sententiae
1161 885 1354 922 maxime
1385 884 1638 934 respiciant,
1671 887 1775 920 sunt
1804 882 1884 929 alii,

333 959 407 1009 qui
451 958 567 996 hanc
614 959 839 996 minimum
888 956 1038 994 valere
1084 962 1312 994 censeant.
1383 952 1665 1005 Quamquam
1712 952 1882 991 illorum

332 1030 599 1066 sententiam
643 1041 822 1079 quoque
863 1027 994 1078 plane
1034 1025 1175 1064 refelli
1216 1038 1303 1063 non
1349 1038 1482 1075 posse
1521 1023 1685 1069 fateor,
1730 1028 1883 1061 tamen

333 1097 471 1136 altera
506 1099 610 1136 mihi
644 1098 822 1149 quidem
858 1096 1135 1135 verisimilior
1168 1097 1262 1134 visa
1295 1100 1364 1133 est
1393 1094 1575 1145 legenti,
1610 1107 1725 1145 quae
1751 1094 1805 1131 de
1831 1106 1884 1131 ea

331 1182 379 1207 re
423 1169 631 1220 exposuit
666 1167 738 1207 W.
772 1167 971 1219 Meyer,
1015 1166 1096 1204 Zur
1136 1165 1410 1206 Geschichte
1452 1165 1530 1203 des
1569 1163 1882 1215 griechischen

334 1239 422 1276 und
456 1238 747 1277 lateinischen
784 1238 1105 1280 HexameterS,
1146 1236 1380 1276 Sim-Ber.
1415 1237 1453 1274 d.
1489 1235 1543 1273 K.
1573 1236 1697 1285 bayr.
1726 1234 1814 1272 Ak.
1845 1234 1882 1271 d.

330 1308 608 1347 &Vissensch
638 1311 744 1356 1884
782 1308 851 1358 (cf.
874 1321 1013 1359 pagg.
1037 1321 1132 1357 999,
1162 1320 1281 1356 1049,
1311 1319 1430 1355 1059,
1459 1305 1707 1356 1oo1sqq.):
1750 1317 1882 1355 quem

331 1386 512 1417 secutus
546 1392 778 1417 caesuram
813 1379 1229 1429 semiseptenariam
1266 1390 1353 1415 non
1389 1376 1679 1422 constituam,
1722 1375 1801 1412 nisi
1841 1376 1882 1412 in

331 1450 464 1488 tertio
516 1450 633 1500 pede
685 1450 936 1487 hexametri
988 1449 1256 1500 quicumque
1310 1447 1431 1485 locus
1482 1458 1695 1484 caesurae
1744 1445 1884 1483 deest.

333 1518 615 1571 Quamquam
650 1519 842 1558 fortasse
871 1520 1037 1557 rectius
1062 1520 1117 1557 sit
1140 1519 1182 1556 in
1207 1517 1391 1569 singulis
1415 1516 1680 1568 quibusdam
1707 1516 1884 1553 casibus

329 1590 489 1628 iudicio
537 1589 741 1628 liberiore
781 1602 832 1628 ac
874 1591 1022 1627 sensui
1062 1590 1206 1639 magis
1245 1589 1449 1626 subiecto
1488 1600 1581 1625 rem
1624 1586 1883 1631 decernere,

332 1673 420 1711 ego
455 1661 497 1698 in
530 1660 817 1698 incisionibus
851 1660 1175 1698 constituendis
1208 1660 1303 1710 pari
1338 1659 1510 1696 ratione
1547 1658 1607 1695 uti
1637 1657 1781 1701 debui,
1816 1669 1884 1702 ne,

331 1743 428 1768 cum
454 1735 623 1768 certum
649 1729 813 1781 aliquid
835 1730 1052 1781 exemplis
1075 1729 1361 1768 numerandis
1381 1729 1692 1766 demonstrare
1711 1726 1884 1772 vellem,

331 1801 459 1838 nimis
494 1813 594 1838 meo
626 1801 808 1839 arbitrio
834 1800 888 1838 de
914 1801 1115 1838 versibus
1139 1799 1385 1838 incidendis
1409 1799 1672 1854 iudicavisse
1696 1797 1884 1835 viderer.

449 1869 556 1909 Cum
584 1871 712 1909 nobis
736 1884 823 1908 non
849 1870 987 1908 solum
1015 1870 1321 1921 quaerendum
1347 1871 1414 1915 sit,
1443 1870 1651 1920 quotiens
1674 1867 1743 1905 illa
1767 1880 1883 1917 sym—

331 1942 488 1979 metria
505 1941 884 1979 hemistichiorum
902 1942 1165 1986 inveniatur,
1181 1940 1259 1978 sed
1276 1941 1518 1990 praecipue
1534 1939 1720 1983 intersit,
1738 1945 1881 1975 utrum

331 2024 484 2049 versus
508 2010 689 2049 consilio
725 2024 779 2049 an
813 2012 960 2062 potius
985 2024 1088 2049 casu
1120 2012 1180 2048 ita
1210 2010 1446 2060 compositi
1475 2010 1574 2053 sint,
1609 2007 1818 2059 exempla
1840 2009 1881 2045 in

331 2081 475 2119 varias
504 2082 678 2132 species
709 2082 916 2132 digerere
948 2086 1140 2132 oportet,
1171 2087 1217 2119 ut
1248 2081 1372 2131 quasi
1400 2080 1568 2130 gradus
1593 2079 1882 2130 symmetriae

332 2151 654 2189 discernantur.
686 2151 734 2189 ln
758 2165 811 2189 ea
832 2164 879 2189 re
901 2152 967 2189 his
988 2152 1234 2189 rationibus
1260 2157 1367 2189 utar.
1400 2150 1639 2190 Plurimum
1665 2150 1882 2187 interesse

333 2222 436 2259 mihi
468 2221 657 2267 videtur,
692 2227 836 2259 utrum
871 2221 942 2260 illa
974 2223 1158 2272 gemina
1192 2222 1395 2259 membra
1423 2219 1674 2271 aequabilia
1697 2220 1814 2257 inter
1835 2232 1882 2256 se

331 2291 424 2330 sola
457 2292 697 2330 coniuncta
724 2292 810 2329 sint
835 2289 931 2341 (1.>¹)
960 2305 1014 2329 an
1039 2304 1139 2329 cum
1165 2291 1256 2329 aliis
1281 2304 1460 2342 quoque
1485 2291 1697 2328 membris
1721 2289 1879 2327 eodem

333 2362 485 2399 ordine
515 2374 721 2400 connexa
745 2363 832 2399 sint
856 2361 992 2411 (11.>‘2):
1027 2362 1062 2399 si
1096 2363 1211 2399 enim
1248 2362 1333 2399 hoc
1365 2360 1533 2399 factum
1566 2366 1646 2407 est,
1678 2359 1749 2398 illa
1779 2372 1883 2397 con-

454 2490 475 2531 ¹)
503 2489 617 2521 Uncis
643 2489 782 2521 inclusa
807 2489 865 2520 hic
893 2488 988 2519 addo
1015 2488 1134 2529 signa,
1167 2488 1297 2529 quibus
1324 2488 1441 2519 varias
1470 2487 1616 2529 species
1643 2487 1677 2518 in
1704 2486 1884 2528 exemplis

331 2547 588 2578 enumerandis
615 2548 761 2579 notabo.

452 2606 478 2646 2)
505 2605 588 2637 Non
614 2605 648 2637 in
675 2606 836 2648 speciem
864 2605 919 2644 IL,
946 2605 1012 2637 sed
1040 2605 1073 2636 in
1100 2605 1124 2636 Ι.
1153 2615 1197 2636 ea
1221 2605 1392 2647 exempla
1418 2605 1599 2636 ascribere
1625 2614 1780 2646 aequum
1807 2603 1883 2641 erit,

331 2664 365 2695 in
384 2664 515 2706 quibus
535 2664 629 2695 aliud
649 2665 861 2702 membrum,
881 2674 1097 2706 quamquam
1119 2674 1199 2695 curn
1219 2664 1457 2695 hemistichiis
1473 2663 1636 2705 aequatis
1652 2662 1883 2694 coniunctum

332 2727 399 2760 est,
419 2732 498 2754 cum
518 2722 560 2754 iis
574 2733 645 2754 non
661 2725 733 2753 tam
750 2726 825 2755 arte
841 2722 1026 2760 cohaeret,
1046 2732 1151 2764 quam
1168 2722 1260 2753 haec
1277 2722 1355 2764 ipsa
1370 2722 1461 2753 inter
1475 2732 1532 2756 se:
1552 2721 1595 2752 cf.
1612 2720 1653 2752 B.
1671 2730 1720 2758 10,
1738 2729 1774 2760 13
1787 2730 1882 2761 sqq.:

660 2781 756 2812 illum
784 2782 891 2813 etiam
919 2781 1018 2819 lauri,
1048 2782 1051 2821 1
1081 2780 1190 2812 etiam
1217 2781 1356 2812 flevere
1384 2780 1555 2822 myricae,

660 2839 788 2882 pinifer
814 2840 909 2871 illurn
937 2840 1045 2872 etiam
1074 2839 1152 2870 sola
1178 2840 1245 2870 sub
1272 2849 1360 2881 rupe
1388 2839 1568 2870 iacentem

661 2898 851 2930 Maenalus
879 2902 915 2930 et
940 2898 1050 2939 gelidi
1078 2898 1260 2929 fleverunt
1286 2908 1376 2929 saxa
1403 2897 1548 2939 Lycaei.
