2222 3417
869 239 1161 284 -63—

240 353 427 401 faciunt,
474 353 594 405 quod
640 366 726 392 non
773 352 913 391 solum
962 353 1181 404 quaedam
1230 353 1369 391 verba
1409 365 1561 391 eorum
1602 353 1682 390 sibi
1723 365 1789 390 re-

239 424 478 475 spondent⁷
510 437 663 462 verum
701 425 832 462 etiam
872 424 1046 474 utrique
1081 424 1243 470 versui,
1283 423 1351 461 vel
1392 423 1612 461 interdum
1650 423 1790 461 tribus

240 495 442 533 versibus
477 495 716 541 continuis,
756 495 860 533 bina
894 495 1192 539 substantiva,
1233 506 1419 545 quorum
1459 494 1633 544 utrique
1669 494 1790 531 attri-

238 565 394 602 butum
443 571 528 610 est,
569 578 684 616 quae
724 565 863 603 verba
901 564 1166 615 plerumque
1212 565 1343 602 variis
1384 563 1524 601 modis
1564 563 1789 614 implicata

239 635 393 683 sunt‚1)
433 643 616 686 praeter
655 636 839 673 verbum
882 634 1072 681 finitum,
1113 640 1159 672 ut
1190 633 1451 685 particulam
1489 633 1787 684 copulativam

238 705 482 756 negligam,
523 712 638 744 sunt.
700 705 802 743 Eius
842 707 1024 756 generis
1057 710 1159 743 sunt
1194 705 1235 742 lii
1270 717 1424 743 versus
1457 703 1787 742 Bucolicorum:

239 811 275 847 5,
297 801 364 838 16:
451 799 573 837 lenta
605 799 715 837 salix
749 804 962 850 quantum
1000 798 1183 850 pallenti
1217 799 1338 836 cedit
1371 797 1525 843 olivae,

451 870 652 920 puniceis
686 869 859 907 humilis
893 875 1105 920 quantum
1143 868 1341 907 saliunca
1374 869 1546 913 rosetis,

451 940 610 978 iudicio
645 948 798 978 nostro
832 945 1004 977 tantum
1041 939 1121 978 tibi
1155 940 1276 977 cedit
1307 939 1546 989 Amyntas.

238 1032 311 1070 ubi
339 1033 381 1070 in
411 1032 550 1070 altero
581 1045 710 1070 versu
740 1045 829 1070 vox
856 1034 1124 1082 „quantumst
1154 1033 1279 1083 quasi
1306 1032 1403 1070 loco
1427 1032 1553 1069 verbi
1577 1030 1686 1069 finiti
1710 1038 1789 1076 est,

243 1138 363 1174 1‚33:
451 1127 654 1177 quamvis
688 1125 826 1163 multa
860 1126 969 1163 meis
1003 1127 1148 1163 exiret
1181 1127 1359 1163 victima
1393 1126 1562 1176 saeptis

449 1197 628 1247 pinguis
662 1203 708 1234 et
740 1197 946 1247 ingratae
979 1204 1262 1247 premeretur
1295 1208 1452 1234 caseus
1488 1196 1594 1241 urbi,

451 1279 538 1304 non
566 1279 773 1317 umquam
798 1267 951 1317 gravis
970 1279 1072 1304 aere
1098 1266 1276 1304 domum
1303 1266 1407 1304 mihi
1425 1266 1584 1303 dextra
1602 1266 1789 1303 redibat.

242 1361 362 1397 1,49:
450 1361 536 1386 non
567 1350 747 1386 «insueta
780 1361 946 1399 graves
980 1349 1270 1398 temptabunt
1302 1348 1464 1398 pabula
1499 1347 1627 1390 fetas,

450 1431 534 1456 nec
568 1418 681 1456 mala
716 1419 846 1457 vicini
879 1419 1056 1469 pecoris
1089 1419 1301 1469 contagia
1336 1418 1529 1456 laedent.

237 1502 362 1548 4‚28:
449 1499 564 1538 molli
599 1500 812 1551 paulatim
846 1499 1063 1538 flavescet
1097 1512 1282 1551 campus
1316 1501 1462 1545 arista,

447 1570 714 1621 incultisque
748 1572 915 1609 rubens
949 1571 1167 1621 pendebit
1199 1571 1402 1608 sentibus
1438 1584 1532 1616 uva,

449 1650 495 1678 et
528 1640 665 1678 durae
700 1653 892 1692 quercus
925 1641 1152 1679 sudabunt
1184 1641 1358 1679 roscida
1393 1640 1535 1691 mella,

237 1734 311 1772 ubi
360 1747 470 1772 sane
521 1735 563 1772 in
616 1747 748 1772 versu
797 1736 861 1773 28.
895 1734 1155 1772 adverbium
1211 1734 1307 1772 loco
1360 1734 1540 1771 alterius
1586 1734 1786 1771 attributi

235 1805 426 1854 positum
471 1811 551 1842 est.
614 1804 660 1842 In
701 1804 767 1842 his
808 1803 1043 1854 exempliS,
1090 1817 1361 1855 quamquam
1405 1803 1613 1841 nonnulla
1650 1805 1787 1841 verba

234 1886 391 1924 parum
427 1874 510 1912 sibi
542 1876 832 1925 respondent,
868 1875 903 1911 si
937 1875 993 1912 ad
1026 1875 1294 1912 sententiam
1331 1881 1600 1924 spectamus,
1634 1881 1785 1911 tamen

235 1944 603 1995 aequabilitatem
666 1958 756 1982 non
813 1944 1085 1982 mediocrem
1142 1957 1195 1982 eo
1250 1943 1457 1982 effectam
1515 1957 1613 1994 esse
1667 1951 1787 1994 puto,

237 2015 357 2066 quod
392 2020 581 2066 uterque
614 2028 769 2053 versus
803 2014 877 2052 tali
912 2014 1246 2066 symplegmate
1280 2014 1679 2057 substantivorum,
1714 2014 1787 2051 ad—

234 2085 517 2130 iectivorum‚
568 2086 695 2123 verbi
744 2084 853 2123 finiti
906 2091 1150 2123 exornatus
1197 2090 1277 2123 est.
1353 2084 1481 2122 Haec
1526 2085 1784 2134 symmetria

236 2155 401 2206 ubique
437 2168 489 2193 eo
526 2155 685 2193 clarior
717 2155 837 2194 facta
872 2162 957 2206 est,
997 2155 1119 2207 quod
1153 2155 1375 2206 quaedam
1410 2155 1549 2193 verba
1584 2154 1787 2205 aequalia

236 2225 417 2263 easdem
466 2227 599 2263 sedes
650 2239 856 2264 versuum
905 2232 1076 2264 tenent.
1151 2225 1293 2263 Etiam
1341 2222 1782 2263 commemorandum

235 2307 334 2332 esse
368 2300 477 2345 puto
512 2296 555 2333 in
590 2296 793 2333 versibus
828 2309 863 2343 5,
892 2297 1015 2346 iosq.
1049 2302 1093 2333 et
1134 2309 1163 2341 1,
1190 2308 1316 2346 33sq.
1348 2295 1637 2345 symmetriae
1668 2306 1786 2332 com-

235 2365 369 2403 modo
396 2377 495 2403 esse
520 2364 590 2403 illa
614 2366 845 2404 enuntiata
868 2367 1088 2416 primaria,
1123 2378 1251 2417 quae,
1285 2378 1383 2403 cum
1409 2363 1609 2415 singulos
1632 2376 1786 2401 versus

234 2435 341 2473 item
377 2434 604 2486 expleant,
639 2435 707 2474 illa
738 2437 861 2486 paria
884 2449 1092 2475 versuum
1126 2436 1249 2486 quasi
1282 2436 1504 2473 astrictius
1533 2435 1784 2473 continent:

235 2506 478 2555 praecipue
524 2518 680 2543 versus
727 2510 844 2553 5,18
893 2505 1316 2544 animadvertendus
1363 2510 1449 2551 est,
1494 2505 1616 2542 cuius
1660 2503 1783 2554 plura

234 2575 376 2613 verba
408 2575 558 2613 verbis
597 2588 803 2614 versuum
848 2576 1212 2614 antecedentium
1255 2576 1350 2626 ipsa
1386 2588 1566 2626 quoque
1603 2587 1786 2624 respon—

236 2645 356 2683 dent.
457 2644 572 2684 Huic
606 2646 735 2684 classi
768 2646 1016 2697 adiungere
1049 2646 1180 2684 velim
1217 2646 1296 2684 hos
1330 2658 1504 2683 versus:

355 2771 380 2813 ¹)
407 2771 496 2803 Earn
525 2772 804 2805 collocationem
831 2774 1024 2805 verborum
1053 2783 1073 2804 a
1090 2771 1210 2815 poetis
1236 2771 1432 2814 praecipue
1461 2771 1506 2802 ad
1533 2770 1641 2802 dulce
1667 2779 1785 2811 genus

236 2829 382 2861 dicendi
415 2830 647 2862 efficiendum
674 2831 825 2863 libenter
857 2831 1053 2863 adhibitam
1081 2840 1166 2862 esse
1193 2830 1235 2861 R.
1264 2830 1451 2867 Heinze,
1477 2828 1608 2870 Virgils
1634 2827 1784 2870 episclie

235 2888 435 2927 Technikz
462 2888 609 2931 Leipzig
632 2891 728 2929 1908,
755 2900 836 2932 pag.
857 2899 922 2929 429
951 2890 1031 2921 adn.
1058 2899 1067 2920 1
1100 2888 1295 2920 admonuit.
