2222 3417
884 259 1208 296 —116—

271 374 363 415 Sed
387 382 433 413 ut
455 375 572 413 hanc
594 387 689 412 rem
721 374 964 421 absolvam,
997 374 1297 413 intelleximus
1321 374 1607 414 Theocritum
1636 377 1819 428 eiusque

270 447 518 483 imitatores
557 444 702 483 studio
743 445 936 495 quodam
980 446 1210 496 parataxis
1248 445 1361 484 haec
1399 446 1554 485 brevia
1590 447 1822 485 enuntiata

269 516 490 566 primaria,
509 515 669 567 quibus
695 527 832 553 causa
853 516 1108 553 sententiae
1131 515 1446 567 praecedentis
1469 515 1664 563 effertur,
1681 529 1820 568 saepe

270 587 311 623 in
346 586 617 624 carminibus
651 584 863 623 bucolicis
898 585 1172 632 adhibuisse,
1205 586 1246 624 id
1282 585 1403 637 quod
1435 587 1476 624 in
1511 587 1649 637 epicis
1682 586 1819 625 multo

267 656 408 693 rarius
432 656 710 693 observatur.
753 654 1002 706 Vergilium
1038 657 1143 694 item
1178 656 1291 694 haec
1325 657 1568 703 enuntiata,
1600 657 1714 695 sicut
1738 655 1821 694 alia

268 725 457 764 bucolici
498 726 682 776 generis
721 726 900 776 propria
936 738 961 764 a
994 725 1235 765 Theocrito
1274 726 1481 777 sumpsit,
1527 727 1820 778 usurpavisse,

268 802 315 833 ut
349 795 493 834 stilum
530 795 842 846 simpliciorem
880 796 1104 842 redderet,
1136 796 1336 835 vidimus.

385 865 455 903 De
488 867 620 904 variis
652 867 899 917 generibus
932 866 1086 905 horum
1125 868 1454 905 enuntiatorum
1491 865 1728 905 causalium
1766 879 1820 904 ea

267 937 529 986 saepissime
579 948 815 973 occurrere
861 937 1175 986 cognovimus,
1228 950 1344 987 quae
1396 938 1438 974 in
1491 937 1611 975 exitu
1665 948 1820 974 versus

268 1005 487 1044 collocata
520 1012 634 1044 sunt.
698 1005 763 1044 Ex
796 1012 925 1056 parte
960 1018 1093 1044 causa
1131 1007 1224 1044 eius
1258 1005 1561 1057 frequentiae,
1601 1012 1649 1044 ut
1686 1018 1820 1057 supra

269 1076 369 1122 dixi,
404 1075 504 1114 inde
539 1076 790 1126 repetenda
823 1082 903 1122 est,
937 1076 1059 1128 quod
1086 1077 1318 1114 enuntiata
1345 1077 1405 1115 ita
1433 1076 1652 1115 collocata
1675 1077 1820 1126 magis

268 1147 384 1184 inter
415 1159 464 1184 se
498 1146 757 1184 cohaerent.
822 1146 921 1185 Huc
956 1146 1176 1185 accedere
1210 1146 1315 1184 mihi
1347 1147 1524 1185 videtur
1556 1146 1639 1185 alia
1673 1158 1819 1189 causa,

269 1215 322 1253 de
347 1228 436 1267 qua
458 1216 501 1254 id
524 1217 566 1254 in
591 1215 813 1254 Bucolicis
838 1222 927 1254 tam
953 1229 1090 1266 saepe
1114 1217 1383 1262 inveniatur;
1418 1217 1534 1254 hanc
1563 1217 1818 1267 opinionem

267 1299 497 1337 exponere
531 1285 676 1324 velim.
740 1285 958 1325 Homines
997 1287 1166 1324 indocti
1201 1299 1252 1325 ac
1286 1286 1525 1337 simplices,
1564 1287 1599 1324 si
1636 1286 1691 1324 de
1731 1298 1820 1337 qua

268 1369 314 1394 re
351 1357 574 1394 disserunt
606 1356 674 1395 vel
711 1357 813 1408 quid
849 1357 1113 1401 admonent,
1153 1357 1442 1395 libentissime
1477 1357 1519 1395 id
1552 1355 1820 1395 confirmant

265 1428 502 1464 sententiis
527 1440 552 1464 a
575 1433 671 1465 toto
706 1427 870 1478 populo
905 1428 1118 1479 probatis,
1152 1428 1173 1465 i.
1198 1440 1234 1466 e.
1261 1427 1521 1478 proverbiis.
1574 1425 1819 1465 Proverbia

268 1494 542 1535 Graecorum
587 1510 716 1535 versu
757 1499 1062 1548 paroemiaco.
1103 1498 1175 1549 qui
1210 1497 1384 1541 dicitur,
1417 1497 1681 1548 plerumque
1715 1509 1819 1534 con-

267 1565 387 1605 fecta
422 1580 519 1605 esse
555 1574 752 1609 constat:
801 1581 933 1619 quem
976 1573 1141 1619 poetae
1182 1567 1407 1618 dactylici,
1452 1579 1550 1605 cum
1587 1566 1819 1618 paroemia

267 1637 562 1683 adhibebant,
602 1638 963 1676 commodissime
1003 1638 1188 1676 alterum
1233 1638 1457 1676 dimidium
1497 1649 1650 1675 versus
1685 1635 1816 1674 facie-

267 1708 386 1746 bant.
452 1706 550 1745 Hoc
597 1708 729 1746 modo
775 1709 908 1746 etiam
951 1707 1217 1747 Theocritus
1261 1708 1503 1758 proverbia
1547 1706 1673 1744 alteri
1719 1718 1818 1744 sen-

266 1778 434 1815 tentiae
469 1778 680 1824 adiunxit,
714 1778 756 1816 id
787 1779 906 1829 quod
931 1779 1015 1816 iam
1043 1778 1206 1817 dudum
1233 1778 1313 1816 viri
1337 1777 1457 1816 docti
1482 1780 1815 1828 cognoverunt:

265 1846 319 1885 cf.
345 1847 567 1893 Meineke,
593 1847 858 1887 Theocritus
882 1848 993 1887 Bion
1021 1847 1231 1886 Moschus
1243 1846 1268 1894 ³,
1304 1849 1423 1895 1856,
1453 1859 1592 1898 pagg.
1616 1858 1817 1897 454sqq.,

266 1916 496 1964 Gebauer,
530 1919 552 1956 l.
576 1919 598 1965 l,
622 1931 759 1969 pagg.
785 1932 882 1970 5Sq.
944 1918 1010 1956 At
1055 1924 1258 1969 apertum
1307 1922 1374 1955 est
1421 1930 1508 1955 non
1555 1917 1703 1955 omnia
1747 1915 1818 1953 illa

267 1990 500 2026 enuntiata
535 1990 574 2026 in
610 1988 750 2027 altero
785 1988 1065 2027 hemistichio
1099 1989 1246 2039 posita
1278 1986 1413 2026 fuisse
1446 1986 1704 2037 proverbia,
1737 1985 1818 2023 sed

267 2064 438 2097 tantum
476 2058 703 2104 nonnulla,
743 2058 882 2097 velut:
921 2072 957 2107 4,
981 2071 1054 2106 41;
1095 2071 1253 2103 10,11;
1300 2063 1451 2096 tamen
1493 2070 1545 2095 ea
1585 2057 1817 2094 enuntiata

266 2129 321 2166 ad
369 2129 622 2180 exemplum
666 2130 1004 2181 proverbiorum
1047 2128 1265 2167 collocata
1306 2141 1405 2166 esse
1450 2133 1572 2178 puto.
1640 2125 1816 2164 Deinde

265 2201 346 2237 etsi
387 2213 524 2251 saepe
566 2201 795 2238 enuntiata
836 2199 1030 2238 causalia
1063 2212 1089 2236 a
1122 2199 1250 2236 nobis
1289 2197 1469 2236 laudata
1501 2195 1571 2234 vel
1611 2196 1817 2234 breviora

267 2270 333 2307 vel
376 2270 580 2321 longiora
619 2270 758 2308 altero
799 2269 1078 2307 hemistichio
1118 2274 1238 2315 sunt,
1278 2274 1426 2306 tamen
1467 2266 1683 2318 pleraque
1716 2277 1814 2304 cum

268 2340 345 2378 illis
380 2354 430 2377 ea
466 2353 513 2378 ro
548 2341 794 2378 cohaerere
828 2339 1054 2385 videntur,
1094 2339 1214 2389 quod
1254 2339 1420 2376 exitum
1456 2349 1612 2375 versus
1648 2340 1817 2379 tenent,

268 2423 356 2461 qua
390 2423 437 2448 rc
472 2410 665 2449 clausula
700 2410 971 2461 paroemiaci
1011 2414 1227 2446 servatur.
1268 2430 1319 2434 —
1361 2405 1502 2456 Quam
1544 2406 1812 2443 sententiam

266 2482 503 2519 certiorem
541 2480 632 2519 fieri
659 2482 850 2519 arbitror
873 2481 995 2531 poesi
1021 2479 1250 2529 gnomica,
1284 2490 1399 2528 quae
1434 2477 1539 2515 item
1574 2488 1598 2513 a
1631 2474 1817 2526 simplici

266 2564 438 2601 ἷζε-ηοω
479 2551 652 2589 (licendi
694 2550 842 2601 populi
886 2563 971 2587 non
1009 2549 1143 2599 longe¹
1178 2550 1319 2586 abest.
1382 2545 1442 2585 Ut
1476 2545 1684 2596 exemplo
1720 2551 1817 2583 utar

267 2622 464 2659 carmine
493 2620 687 2667 Hesiodi,
723 2620 842 2672 quod
867 2620 1121 2659 inscribitur
1145 2617 1274 2670 ’Έργα
1297 2617 1364 2656 καὶ
1393 2615 1583 2668 Ἡμέραι,
1619 2616 1657 2653 in
1683 2615 1816 2666 parti-

267 2692 348 2729 bus
380 2693 602 2741 gimniicis
636 2692 762 2729 liuius
796 2691 943 2741 operis
975 2690 1113 2728 multa
1137 2689 1239 2727 talia
1264 2688 1492 2726 enuntiata
1520 2685 1713 2725 causalia
1734 2697 1815 2735 pro

267 2774 453 2799 numero
488 2775 691 2800 versuum
731 2762 1032 2805 inveniuntur,
1066 2760 1120 2797 de
1155 2759 1315 2810 quibus
1349 2757 1547 2808 plurima,
1582 2762 1627 2794 ut
1662 2756 1701 2792 in
1737 2753 1816 2793 illis

267 2832 484 2883 exemplis
524 2831 754 2877 bucolicis,
799 2831 965 2869 exitum
1009 2843 1163 2868 versus
1203 2834 1379 2872 tenent:
1427 2839 1482 2864 ne
1523 2825 1698 2876 longius
1732 2824 1815 2862 hoc

268 2901 360 2946 liat,
406 2916 537 2954 quani
588 2903 851 2940 brevissime
898 2900 1082 2939 asseram
1133 2899 1269 2944 loco&
1315 2898 1387 2948 qui
1437 2897 1522 2935 huc
1567 2895 1814 2946 pertinent:
