2222 3417
913 255 1201 293 ,97-

279 361 488 400 excultae
531 362 754 412 propriam
797 373 909 400 esse.
972 358 1277 410 Quamobrem
1309 361 1441 398 etiam
1473 359 1739 398 Theocritus
1781 365 1826 399 et

280 430 508 483 Vergilius
552 444 889 483 nonnumquam
935 431 976 469 in
1022 430 1261 477 Bucolicis,
1312 431 1355 468 id
1405 430 1524 482 quod
1576 431 1618 468 in
1664 431 1827 469 ceteris

281 503 551 543 carminibus
596 501 691 540 fere
739 503 918 540 omnino
964 502 1266 548 evitaverunt,
1310 514 1466 539 versus
1505 513 1558 539 eo
1593 500 1727 539 modo
1760 514 1827 539 re—

279 575 551 625 petiverunt.

399 642 646 694 Quominus
686 643 769 682 hac
807 643 1077 694 repetitione
1117 655 1325 680 versuum
1366 641 1559 693 ἀφέλειαν
1602 642 1826 692 quandam

279 714 364 753 stili
403 713 519 753 effici
558 713 812 760 credamus,
858 713 899 751 id
944 712 1161 764 impedire
1201 712 1422 758 videatur,
1467 711 1589 762 quod
1628 710 1827 757 Ovidius,

277 784 346 822 ille
369 791 508 835 poeta
532 798 556 822 a
579 784 833 822 rhetoribus
856 785 1107 829 instructus,
1142 782 1335 820 libenter
1361 781 1486 819 simili
1515 781 1648 820 modo
1674 794 1828 819 Versus

277 854 455 906 paulum
480 856 676 893 variatos
700 843 921 905 repetivit.
953 852 1142 904 Aliquot
1167 851 1375 903 exempla
1399 851 1583 902 collegit
1605 851 1659 891 R.
1687 851 1827 895 Helm,

277 924 543 963 Festschrift
561 925 790 975 Johannes
807 923 995 970 Vahlen,
1018 923 1166 961 Berlin
1198 935 1317 972 1900,
1340 935 1479 973 pagg.
1505 934 1694 973 344sqq.
1737 920 1829 960 Sed

277 995 319 1033 hi
352 995 436 1033 loci
461 1009 483 1033 a
508 996 711 1034 versibus
745 995 890 1033 adhuc
924 994 1128 1032 tractatis
1152 1006 1204 1031 eo
1231 992 1451 1039 differunt,
1485 993 1606 1043 quod
1632 993 1681 1029 iis
1710 991 1826 1030 aliud

276 1064 383 1117 ἦθος
417 1073 496 1104 est.
560 1064 668 1104 Cum
710 1066 823 1102 enim
866 1063 945 1102 illis
979 1064 1181 1102 versibus
1214 1063 1386 1100 iteratis
1419 1063 1601 1113 generis
1634 1061 1823 1100 bucolici

277 1135 554 1187 aliorumque
588 1148 807 1186 generum
842 1135 1193 1185 propinquorum
1236 1133 1432 1171 suavitas
1468 1145 1565 1170 cum
1604 1133 1824 1169 tenuitate

276 1207 518 1244 coniuncta
541 1206 743 1256 appetita
767 1206 833 1252 sit,
863 1204 1070 1255 exempla
1097 1202 1255 1252 Ovidii,
1288 1209 1333 1241 ut
1357 1208 1490 1240 antea
1515 1203 1614 1249 dixi,
1638 1201 1828 1253 plerum-

277 1289 363 1326 que
405 1276 458 1314 ad
501 1275 688 1314 facetias
729 1277 970 1327 pertinent.
1033 1274 1182 1313 Unum
1229 1280 1403 1311 tantum
1453 1273 1597 1311 locum
1643 1272 1824 1310 laudare

275 1346 421 1392 velim,
455 1359 543 1397 quo
580 1348 748 1396 optime
783 1346 959 1384 ostendi
992 1352 1101 1395 puto
1137 1343 1346 1383 Ovidium
1380 1343 1593 1393 imprimis
1628 1341 1683 1379 ad
1717 1342 1826 1379 anti-

274 1417 427 1455 theses
472 1422 700 1467 spectare;
747 1415 840 1454 illos
886 1415 1002 1453 enim
1049 1427 1204 1453 versus
1249 1412 1425 1459 Catulli,
1472 1414 1739 1463 62‚42sqq.,
1783 1412 1825 1449 in

275 1499 399 1525 suum
436 1500 561 1525 usum
598 1487 660 1525 sic
694 1487 935 1525 convertit:
971 1484 1156 1523 Metam.
1177 1484 1247 1531 ΠΙ,
1273 1496 1482 1535 353sqq.:

489 1562 613 1601 Multi
647 1562 763 1601 illum
798 1563 993 1607 iuvenes,
1028 1560 1192 1599 multae
1228 1561 1410 1610 cupiere
1444 1558 1639 1609 puellae;

486 1633 566 1670 sed
601 1632 682 1670 fuit
715 1634 757 1670 in
792 1638 949 1669 tenera
983 1637 1072 1669 tam
1111 1631 1220 1669 dura
1253 1630 1465 1680 superbia
1499 1628 1654 1674 forma,

488 1702 589 1740 nulli
624 1702 738 1740 illum
775 1703 972 1746 iuvenes,
1006 1701 1152 1739 nullae
1187 1701 1382 1750 tetigere
1416 1698 1604 1750 puellae.

275 1791 376 1816 nam
412 1791 511 1817 cum
548 1778 665 1828 apud
696 1775 913 1816 Catullum
948 1777 1219 1827 repetitione
1255 1774 1658 1813 verborunrtarda
1692 1785 1825 1823 quae-

276 1849 391 1895 dam,
423 1848 503 1886 sed
536 1849 683 1886 suavis
715 1846 974 1897 simplicitas
1008 1848 1347 1897 exprimeretur,
1382 1844 1500 1895 apud
1526 1842 1733 1882 Ovidium
1759 1855 1824 1889 eo,

276 1919 397 1970 quod
429 1920 471 1956 in
504 1931 635 1957 versu
670 1919 864 1968 repetito
899 1917 982 1955 hoc
1020 1918 1267 1966 „tetigere”
1304 1927 1384 1965 pro
1419 1915 1558 1952 verbo
1588 1913 1820 1964 „cupiere“

275 1990 466 2039 positum
505 1995 585 2035 est,
617 1989 842 2026 sententia
869 1986 1144 2025 facetissima
1168 1992 1215 2023 et
1237 1985 1418 2035 ingenio
1448 1984 1573 2021 huius
1598 1983 1827 2033 aptissima

275 2058 398 2097 facta
431 2064 509 2097 est.
572 2058 682 2097 Item
718 2058 892 2109 plurimi
926 2056 993 2095 alii
1030 2056 1113 2095 loci
1148 2055 1354 2095 Ovidiani
1387 2055 1536 2105 potius
1571 2052 1825 2103 exemplum

276 2129 426 2167 talium
464 2130 737 2179 argutiarum
775 2141 905 2179 quam
942 2127 1238 2178 simplicitatis
1270 2126 1505 2176 praebent.

454 2243 482 2297 ξ
515 2243 555 2284 5.
620 2243 685 2284 De
719 2244 857 2284 verbo
890 2243 940 2283 in
974 2241 1285 2283 similitudine
1318 2241 1391 2281 bis
1425 2239 1654 2280 adhibito.

394 2320 628 2359 Postremo
662 2326 843 2358 transeo
878 2319 931 2357 ad
960 2332 1106 2370 genus
1131 2318 1356 2369 quoddam
1381 2315 1674 2367 repetitionis,
1708 2313 1825 2364 quod

277 2391 456 2442 quidem
483 2403 572 2429 non
598 2391 711 2428 adeo
735 2389 950 2440 frequens
974 2395 1054 2434 est,
1087 2388 1179 2434 sed,
1214 2392 1429 2439 quantum
1454 2386 1597 2431 video,
1628 2383 1826 2422 nondum

277 2462 384 2499 satis
415 2466 656 2498 tractatum
694 2465 773 2497 est.
834 2459 1061 2496 interdum
1104 2459 1145 2495 in
1187 2456 1480 2495 similitudinis
1514 2455 1744 2499 membris,
1783 2457 1827 2490 et

279 2543 366 2582 quo
420 2531 571 2580 imago
626 2528 827 2576 affertur,
886 2535 932 2567 et
985 2541 1072 2579 quo
1127 2541 1197 2565 res
1250 2525 1509 2566 illustranda
1561 2524 1829 2568 enuntiatur,

278 2602 457 2639 tertium
484 2601 833 2650 comparationis
863 2599 981 2649 quod
1007 2599 1166 2636 dicitur
1190 2597 1348 2635 eodem
1376 2597 1516 2634 verbo
1540 2592 1828 2644 significatur.

278 2659 382 2709 Tria
406 2669 616 2720 exempla
639 2671 732 2708 eius
756 2669 1037 2720 repetitionis
1060 2669 1099 2706 in
1127 2666 1345 2705 Bucolicis
1360 2664 1547 2715 Vergilii
1573 2665 1828 2701 occurrunt:

280 2759 315 2795 5,
337 2748 403 2785 16:
488 2745 634 2783 Lenta
666 2745 776 2783 salix
809 2750 1023 2796 quantum
1058 2743 1242 2794 pallenti
1276 2742 1421 2780 cedit
1455 2739 1608 2784 olivae,

490 2816 690 2866 puniceis
725 2815 895 2853 humilis
929 2820 1145 2866 quantum
1181 2812 1378 2850 saliunca
1411 2810 1582 2858 rosetiS,

489 2886 648 2924 iudicio
683 2891 836 2924 nostro
869 2891 1043 2923 tantum
1083 2883 1161 2920 tibi
1195 2882 1338 2920 cedit
1370 2880 1608 2930 Amyntas.

1576 2966 1594 2975 Η

353 2964 455 2989 Gimm.
1578 2976 1590 2998 l
