2222 3417
893 263 949 267 -
1018 252 1092 288 ,05
1164 263 1211 265 -,

280 360 316 403 8,
335 369 404 408 74:
491 359 649 408 (terna)
675 389 682 396 .
707 388 714 395 .
739 389 746 396 .
770 356 865 395 licia
894 356 1122 395 circumdo
1147 361 1305 406 terque
1330 355 1443 393 haec
1467 353 1622 392 altaria
1645 355 1806 392 circum

490 427 688 479 effigiem
724 428 856 466 duco:
885 426 888 481 Ι
919 440 1105 465 numero
1142 426 1251 464 deus
1285 426 1455 476 impare
1490 425 1671 475 gaudet.

279 511 319 548 in
367 510 459 548 aliis
505 510 724 561 exemplis
770 510 854 548 hoc
897 510 1174 547 enuntiatum
1217 507 1394 546 causale
1434 506 1501 545 vel
1542 507 1721 544 brevius
1760 505 1830 543 vel

279 579 455 631 longius
488 581 686 619 secundo
721 580 1001 618 hemistichio
1037 584 1122 617 est:

282 675 432 710 3,111:
489 661 682 701 claudite
717 664 802 701 iam
836 663 965 707 rivos,
998 662 1142 712 pueri:
1177 665 1247 698 sat
1279 664 1407 711 prata
1443 659 1664 697 biberunt.

280 744 403 781 5,19:
489 734 568 770 sed
603 739 648 771 tu
684 733 838 771 desine
872 732 1009 784 plura,
1043 744 1171 782 puer:
1204 730 1500 768 successimus
1533 734 1674 767 antro.

279 804 400 851 8,29:
487 802 657 853 Mopse,
692 816 830 841 novas
863 803 1008 840 incide
1042 801 1184 839 faces:
1220 800 1299 838 tibi
1333 800 1508 837 ducitur
1543 812 1663 837 uxor.

280 885 315 920 5,
337 885 403 912 12:
489 874 656 924 incipe;
692 878 934 924 pascentes
967 872 1165 910 servabit
1198 869 1379 921 Tityrus
1414 869 1594 907 haedos,

279 955 402 992 5,40:
489 945 691 995 spargite
725 944 906 982 humum
942 942 1067 988 foliis,
1101 942 1297 979 inducite
1331 940 1530 978 fontibus
1566 940 1756 983 umbras,

488 1022 714 1064 pastores:
751 1013 936 1051 mandat
970 1011 1064 1050 fieri
1097 1013 1180 1050 sibi
1213 1011 1317 1049 talia
1349 1010 1565 1060 Daphnis.

279 1084 431 1130 8,102:
718 1084 783 1121 his
817 1083 919 1131 (scil.
948 1083 1134 1120 venenis
1162 1088 1208 1119 et
1234 1081 1398 1129 herbis)
1433 1093 1520 1131 ego
1554 1079 1780 1131 Daphnim

489 1154 748 1204 adgrediar;
785 1153 888 1191 nihil
922 1153 993 1191 ille
1028 1153 1149 1198 deos,
1183 1151 1237 1190 nil
1274 1152 1472 1190 carmina
1504 1156 1641 1189 curat.

278 1235 402 1272 9‚53:
489 1237 607 1262 nunc
642 1223 777 1262 oblita
813 1224 917 1262 mihi
949 1229 1018 1262 tot
1050 1223 1265 1267 carmina;
1301 1235 1390 1260 vox
1427 1234 1606 1272 quoque
1642 1220 1825 1258 Moerim

488 1294 573 1332 iam
609 1294 725 1345 fugit
759 1297 874 1345 ipsa:
910 1294 999 1345 lupi
1033 1293 1218 1331 Moerim
1255 1292 1407 1330 videre
1441 1293 1624 1342 priores.

277 1374 368 1413 lam
411 1377 701 1426 cognoscitur
741 1389 798 1414 ex
842 1376 909 1413 his
954 1375 1077 1421 10015,
1124 1387 1239 1426 quae
1278 1373 1446 1425 ἀφέλεια
1484 1372 1711 1423 frequenti
1751 1386 1827 1410 usu

276 1445 426 1484 talium
453 1447 799 1492 enuntiatorum,
822 1459 902 1497 pro
929 1446 1089 1497 quibus
1112 1446 1152 1483 in
1179 1456 1386 1483 sermone
1409 1444 1617 1494 graviore
1639 1442 1828 1494 plerum-

280 1528 367 1566 que
402 1518 632 1554 enuntiata
666 1517 933 1555 secundaria
965 1522 1254 1567 ponerentur,
1288 1513 1451 1552 effecta
1485 1514 1551 1552 sit.
1615 1512 1828 1563 Tenuitas

276 1585 362 1624 stili
395 1599 448 1624 eo
483 1587 615 1624 etiam
654 1588 808 1638 augeri
846 1587 949 1625 mihi
982 1586 1169 1631 videtur,
1204 1585 1324 1636 quod
1348 1584 1460 1622 haec
1484 1584 1716 1621 enuntiata
1740 1596 1827 1621 non

276 1656 503 1706 particulis
539 1669 681 1704 „nam,
716 1658 860 1695 enim“
898 1657 1086 1700 adnexa,
1120 1656 1200 1693 sed
1228 1654 1447 1705 asyndeta
1471 1660 1584 1691 sunt.
1640 1653 1727 1691 Eae
1752 1653 1826 1690 ad-

276 1726 444 1764 hibitae
477 1732 579 1764 sunt
612 1726 751 1764 solum
787 1728 828 1764 in
863 1727 929 1764 his
962 1725 1391 1775 interrogationibus
1416 1723 1676 1768 causalibus,
1710 1736 1825 1774 quae

275 1802 519 1846 propterea
553 1797 696 1834 minus
731 1795 1046 1834 memorabiles
1079 1801 1193 1837 sunt.
1228 1795 1347 1845 quod
1381 1807 1467 1832 non
1503 1800 1591 1831 tam
1619 1794 1824 1843 integrae

275 1866 316 1903 in
352 1867 584 1904 enuntiata
618 1866 881 1904 secundaria
918 1866 1077 1903 mutari
1110 1870 1338 1916 poterant:

279 1959 313 1993 2,
331 1949 402 1986 68:
488 1961 559 1986 me
584 1953 736 1985 tamen
762 1948 846 1985 urit
870 1960 1012 1985 amor:
1045 1948 1047 1997 Ι
1079 1948 1175 1997 quis
1200 1947 1316 1984 enim
1343 1946 1501 1983 modus
1526 1945 1639 1983 adsit
1664 1946 1826 1983 amori?

277 2030 402 2066 9,39:
488 2018 574 2056 huc
608 2018 715 2055 ades
750 2031 774 2056 o
809 2016 1017 2057 Galatea:
1056 2016 1059 2068 Ι
1096 2018 1192 2068 quis
1226 2022 1295 2054 est
1327 2028 1426 2054 nam
1456 2015 1581 2065 ludus
1604 2016 1645 2053 in
1676 2016 1826 2053 undis?

275 2098 480 2137 Vidimus
497 2099 634 2150 igitur
653 2100 861 2150 exempla
880 2100 1006 2137 huius
1022 2100 1189 2150 speciei
1204 2100 1311 2137 satis
1325 2097 1579 2149 frequentia
1597 2110 1715 2138 esse:
1742 2098 1825 2136 hoc

275 2168 395 2207 haud
426 2170 517 2207 scio
551 2182 605 2207 an
642 2183 695 2208 ea
727 2183 775 2208 re
809 2169 977 2208 factum
1006 2170 1072 2216 sit,
1106 2169 1227 2220 quod
1250 2169 1352 2207 talia
1379 2169 1608 2206 enuntiata
1633 2168 1823 2206 causalia

276 2239 332 2276 ad
359 2240 608 2277 sententias
636 2240 967 2290 praecedentes
1001 2240 1195 2277 maxime
1230 2240 1455 2289 respicere
1490 2239 1661 2276 debent
1688 2244 1824 2289 atque

276 2321 371 2346 eam
398 2310 454 2347 ob
475 2322 568 2347 rem
594 2322 693 2347 cum
717 2310 765 2347 iis
789 2310 915 2360 quasi
938 2310 1124 2347 metrica
1144 2310 1317 2347 ratione
1333 2310 1468 2346 artius
1484 2314 1824 2346 connectuntur.

279 2391 313 2417 2.
346 2378 523 2417 Deinde
558 2379 688 2418 laudo
723 2392 774 2417 ea
811 2380 1041 2417 enuntiata
1076 2380 1169 2417 eius
1201 2380 1400 2429 generis,
1437 2392 1551 2429 quae
1585 2379 1689 2415 item
1726 2391 1824 2416 sen-

275 2451 475 2495 tentiam,
505 2451 628 2487 cuius
651 2462 784 2487 causa
810 2448 1004 2494 effertur,
1037 2456 1286 2499 sequuntur
1315 2461 1462 2499 neque
1493 2461 1599 2486 vero
1631 2449 1672 2485 in
1702 2449 1822 2486 exitu

274 2531 430 2557 versus
458 2520 603 2569 posita
633 2524 754 2564 sunt:
785 2519 898 2557 haec
930 2519 1066 2556 multo
1091 2520 1230 2557 rarius
1259 2520 1298 2557 in
1326 2518 1496 2569 eclogis
1519 2519 1821 2556 inveniuntur:

281 2613 342 2648 10,
360 2614 429 2649 31:
806 2607 956 2638 tamen
992 2602 1231 2638 cantabitis
1263 2601 1470 2638 Arcades
1493 2631 1501 2638 .
1525 2631 1533 2638 .
1556 2631 1563 2638 .

488 2671 713 2709 montibus
747 2672 859 2709 haec
893 2671 1070 2709 vestris:
1103 2670 1182 2708 soli
1215 2676 1412 2708 cantarev
1433 2671 1563 2720 periti

485 2740 704 2780 Arcades.

307 2823 430 2860 3,94:
486 2809 661 2849 Parcite
697 2824 803 2849 oves
837 2812 1016 2849 nimium
1052 2810 1320 2860 procedere:
1356 2808 1595 2847 non'bene
1628 2810 1750 2859 ripae

487 2881 700 2919 creditur:
735 2882 828 2932 ipse
864 2882 978 2919 aries
1012 2881 1143 2918 etiam
1181 2892 1297 2918 nunc
1330 2878 1497 2917 vellera
1529 2880 1679 2916 siccat.
