2222 3417
886 287 1177 325 *70-

260 394 507 444 appetitam
544 406 654 439 esse,
688 405 785 431 cum
822 393 864 430 in
899 393 1022 443 poesi
1058 392 1300 443 grandiore
1334 391 1433 430 stilo
1467 392 1634 442 scripta
1668 390 1804 429 multo

256 464 397 502 rarius
430 464 716 502 inveniretur.
742 487 793 490 —
823 462 903 501 Hic
937 462 1137 500 breviter
1167 474 1523 500 commemorare
1546 460 1677 500 velim
1712 460 1804 499 illas

257 532 389 572 Diras
412 532 580 572 Valerii
607 532 800 579 Catonis,
823 533 891 571 cui
915 533 1098 570 carmini
1122 531 1261 570 multa
1284 545 1381 570 cum
1407 544 1578 582 genere
1603 530 1804 570 bucolico

258 605 512 642 communia
544 610 664 648 sunt,
704 604 836 641 etiam
878 602 976 640 stilo
1011 608 1107 640 arte
1142 615 1240 640 cum
1277 615 1329 639 eo
1364 602 1628 644 cohaerere:
1676 602 1716 638 in
1752 614 1804 639 eo

258 679 468 724 poemate
504 675 618 712 enim
654 687 734 725 pro
768 678 865 711 rata
897 679 1025 724 parte
1060 673 1320 723 saepissime
1358 673 1619 723 symmetria
1653 671 1802 709 talium

259 745 562 782 membrorum
610 744 850 789 invenitur;
891 742 945 782 cf.
974 756 1129 781 versus
1170 742 1431 793 (Ribbeck):
1468 754 1532 788 22,
1556 744 1621 789 65,
1644 744 1708 789 89,
1732 754 1804 789 oo;

258 816 848 865 4,12,13‚18,98,99;4sq.,
877 826 1011 864 12sq.‚
1044 815 1333 864 [Osq.,18sq.,
1352 823 1489 862 37sq.,
1514 813 1654 862 48sq.,
1678 814 1806 862 oSsq.

258 907 312 910 —
335 883 401 921 At
424 883 616 922 fortasse
641 884 922 922 admonuerit
947 884 1162 934 quispiam
1191 883 1301 920 haec
1324 895 1493 933 genera
1516 882 1805 933 symmetriae

259 966 283 990 a
317 954 445 992 nobis
485 959 680 992 tractata
718 967 854 1005 saepe
901 954 1017 1004 apud
1061 952 1266 992 Ovidium
1304 953 1488 990 inveniri
1528 958 1664 1003 atque
1703 951 1805 989 inde

258 1023 616 1062 concludendum
654 1037 752 1062 esse
786 1024 948 1061 dixerit
981 1023 1082 1061 talia
1117 1023 1332 1073 imprimis
1360 1023 1603 1060 carminum
1634 1034 1806 1071 genere

259 1093 437 1131 dicendi
470 1094 695 1132 rhetorico
729 1095 1083 1144 conscriptorum
1108 1094 1289 1143 propria
1314 1105 1424 1130 esse.
1480 1091 1594 1129 Huic
1624 1104 1807 1141 respon-

260 1163 451 1201 dendum
480 1169 549 1201 est
572 1176 679 1201 sane
705 1164 1045 1214 congruentiam
1074 1162 1486 1214 aequalitatemque
1505 1162 1805 1199 membrorum

260 1233 420 1271 eodem
456 1233 610 1271 ordine
645 1235 996 1279 coniunctorum,
1032 1240 1079 1271 ut
1112 1234 1276 1283 ubique
1305 1234 1347 1270 in
1382 1245 1589 1270 sermone
1624 1233 1806 1282 antiquo

259 1303 445 1353 simplici
481 1304 535 1341 ab
572 1309 666 1341 arte
701 1304 880 1342 exculta
914 1303 1056 1341 alieno
1092 1304 1369 1348 observatur,
1404 1303 1464 1340 ita
1498 1315 1522 1339 a
1554 1302 1808 1339 rhetoribus

259 1373 362 1411 inde
396 1387 420 1410 a
456 1372 625 1423 Gorgia
660 1374 851 1411 libenter
874 1374 930 1411 ad
957 1375 1101 1411 stilum
1136 1373 1390 1423 poliendum
1418 1372 1658 1409 adhibitam
1697 1384 1808 1408 esse.

258 1442 417 1494 Itaque
443 1444 524 1481 etsi
551 1456 884 1494 nonnumquam
913 1442 1090 1481 difficile
1113 1444 1170 1481 sit
1193 1443 1445 1487 diiudicare,
1481 1455 1536 1479 ex
1561 1448 1657 1479 utro
1682 1441 1806 1479 fonte

259 1514 304 1551 id
348 1514 538 1551 studium
595 1515 907 1552 concinnitatis
951 1513 1146 1559 fluxerit,
1199 1514 1254 1551 de
1301 1514 1426 1563 poesi
1471 1512 1673 1550 bucolica
1720 1524 1807 1549 non

261 1584 441 1621 dubium
468 1597 567 1622 esse
592 1585 696 1622 mihi
713 1585 898 1629 videtur,
923 1585 1026 1635 quin
1051 1583 1305 1634 frequentia
1329 1583 1477 1620 talium
1504 1582 1804 1627 membrorum

261 1654 317 1691 ad
340 1652 536 1699 artificia,
565 1655 724 1704 quibus
749 1655 880 1691 etiam
912 1655 1114 1691 homines
1137 1653 1329 1691 illiterati
1354 1654 1416 1691 usi
1433 1659 1546 1697 sunt,
1569 1651 1807 1690 referenda

260 1725 328 1762 sit.
393 1723 577 1762 Ovidius
612 1725 694 1762 etsi
740 1738 792 1762 eo
834 1737 932 1762 cum
976 1725 1122 1775 poetis
1162 1723 1374 1761 bucolicis
1408 1723 1644 1767 consentit,
1690 1722 1808 1772 quod

260 1795 366 1831 item
403 1795 547 1844 magis
574 1793 718 1832 stilum
745 1800 980 1832 venustum
1008 1807 1059 1831 ac
1094 1793 1383 1831 ludibundum
1410 1806 1541 1843 quam
1573 1792 1804 1830 sublimem

262 1865 491 1914 appetivit,
524 1864 638 1901 idem
676 1870 817 1901 artem
852 1864 1081 1901 rhetorum
1116 1871 1296 1901 secutus
1329 1863 1634 1913 symmetriam
1673 1874 1808 1899 mem-

260 1934 439 1972 brorum
477 1934 534 1971 ad
566 1947 731 1984 graves
777 1935 1024 1972 antitheses
1057 1935 1293 1984 variasque
1334 1934 1533 1983 argutias
1558 1933 1808 1976 -sermonis,

262 2016 373 2054 quas
398 2005 436 2042 ei
462 2005 502 2041 in
529 2003 695 2042 deliciis
719 2003 853 2042 fuisse
882 2009 1071 2050 constat,
1096 2003 1394 2041 enuntiandas
1418 2002 1637 2047 adhibuit3
1673 2003 1806 2039 etiam

263 2086 321 2111 ex
365 2074 568 2111 versibus
614 2073 1061 2124 Metamorphoseon‚
1107 2086 1218 2124 quos
1263 2072 1461 2119 Norden,
1494 2072 1517 2110 l.
1540 2072 1563 2110 l.
1587 2085 1690 2122 pag.
1716 2084 1809 2120 375,

262 2142 425 2190 laudat,
459 2145 674 2193 cognosci
706 2156 839 2194 posse
881 2150 988 2194 puto
1024 2157 1122 2181 eum
1166 2144 1379 2194 imprimis
1418 2144 1636 2180 sermonis
1675 2141 1809 2179 faceti

264 2218 309 2251 et
341 2215 509 2252 versuti
549 2214 791 2252 studiosum
833 2213 986 2259 fuisse,
1032 2214 1152 2264 quod
1194 2213 1248 2251 de
1288 2214 1434 2264 poetis
1474 2212 1686 2250 bucolicis
1726 2212 1808 2249 dici

264 2295 352 2321 non
386 2288 548 2333 potest.

907 2502 1083 2564 Caput
1108 2503 1166 2552 11.

522 2596 602 2643 De
639 2596 798 2643 variis
838 2596 1117 2658 generibus
1156 2595 1543 2659 repetitionum.

383 2700 571 2738 Praeter
588 2701 703 2738 hanc
719 2701 1023 2751 symmetriam
1047 2701 1362 2743 membrorum,
1379 2712 1508 2749 quam
1531 2699 1570 2735 in
1589 2696 1809 2734 Bucolicis

266 2771 411 2821 magis
436 2783 568 2821 quam
603 2771 643 2808 in
674 2770 766 2808 aliis
789 2771 1059 2808 carminibus
1082 2768 1330 2820 Vergilium
1358 2768 1640 2818 usurpavisse
1665 2766 1809 2804 adhuc

268 2840 584 2890 demonstravi,
630 2841 763 2878 etiam
811 2840 902 2878 aliis
946 2841 1081 2877 rebus
1126 2852 1381 2877 sermonem
1427 2837 1737 2875 Bucolicorum
1786 2849 1808 2873 a

267 2922 474 2948 sermone
507 2911 715 2961 graviore
750 2911 791 2948 in
816 2911 978 2948 ceteris
1003 2910 1211 2960 operibus
1235 2908 1433 2946 adhibito
1459 2907 1636 2944 differre
1661 2907 1808 2944 existi-
