2253 3443
762 831 970 882 Tabula
1009 830 1341 895 argumenti.

1749 951 1821 978 pag·

279 995 417 1027 Index
443 995 653 1027 librorum
724 1017 1729 1026 ..................
1804 998 1823 1024 o

278 1053 557 1086 Prooemium
607 1075 1730 1085 ....................
1806 1060 1823 1091 7

279 1123 420 1166 Caput
445 1124 476 1156 1:
504 1124 562 1156 De
589 1123 801 1166 symmetria
826 1123 1134 1155 hemistichiorum
1163 1125 1200 1154 et
1226 1131 1396 1153 versuum
1431 1145 1730 1153 ......
1805 1130 1824 1159 9

372 1182 392 1226 ξ
424 1192 450 1215 1.
490 1182 548 1215 De
576 1182 786 1225 symmetria
811 1182 1118 1214 hemistichiorum
1135 1204 1729 1213 ...........
1787 1189 1825 1210 10

373 1239 393 1285 ξ
421 1250 451 1273 2.
489 1241 547 1273 De
576 1241 787 1283 symmetria
812 1241 965 1283 partium
991 1250 1132 1279 versus,
1161 1249 1255 1282 quae
1280 1237 1589 1271 hemistichiorum
1613 1237 1731 1280 proxi-

489 1311 548 1331 ma
574 1304 631 1332 est
667 1320 1731 1332 ...................
1783 1305 1823 1336 45

373 1361 392 1400 ς
421 1368 450 1399 3.
492 1359 549 1390 De
577 1359 788 1400 symmetria
815 1368 986 1390 versuum
1021 1379 1731 1389 .............
1784 1356 1820 1385 61

373 1416 393 1460 ξ
421 1427 451 1455 4.
490 1417 549 1449 De
577 1417 788 1459 symmetria
814 1415 1110 1458 complexionum
1137 1415 1301 1446 binorum
1328 1423 1500 1446 versuum
1552 1438 1557 1444 .
1610 1438 1616 1444 .
1668 1438 1674 1444 .
1727 1437 1734 1444 .
1786 1422 1826 1454 74

281 1486 421 1530 Caput
448 1487 494 1519 II:
523 1487 580 1519 De
608 1487 715 1518 variis
741 1486 938 1528 generibus
964 1485 1221 1528 repetitionum
1258 1507 1733 1516 .........
1784 1492 1827 1523 79

376 1544 396 1590 ἓ
429 1556 454 1577 1.
493 1546 551 1578 De
579 1545 705 1588 speeie
733 1545 889 1587 quadam
917 1543 1242 1586 conduplicationis
1258 1566 1733 1574 .........
1786 1542 1830 1571 80

374 1602 394 1648 ἓ
424 1614 452 1636 2.
494 1603 549 1636 De
578 1604 787 1646 epanalepsi
797 1624 1733 1637 .................
1786 1600 1826 1639 87

375 1661 394 1707 ξ
424 1673 453 1703 3.
492 1662 550 1695 De
579 1663 690 1694 altera
716 1662 841 1704 specie
869 1661 1101 1704 epanalepsis
1140 1682 1733 1692 ...........
1786 1659 1827 1696 89

376 1719 395 1765 ξ
423 1731 454 1760 4.
493 1721 550 1753 De
579 1721 769 1754 iteratione
797 1730 928 1752 versus
953 1719 1099 1762 paulum
1128 1718 1253 1750 variati
1317 1741 1734 1750 ........
1785 1725 1827 1755 94

376 1777 396 1824 ξ
424 1788 454 1820 5.
493 1780 552 1812 De
578 1781 693 1811 verbo
720 1779 754 1810 in
781 1779 1012 1811 similitudine
1039 1778 1094 1809 bis
1122 1777 1283 1808 adhibito
1317 1799 1733 1808 ........
1785 1783 1828 1814 97

283 1850 424 1892 Caput
448 1850 514 1882 111:
541 1850 599 1882 De
626 1849 788 1892 parataxi
843 1869 1734 1881 ................
1786 1853 1828 1883 99

377 1907 396 1953 ξ
430 1919 455 1940 ι.
494 1908 552 1940 De
578 1907 741 1951 parataxi
768 1907 803 1939 in
830 1906 1061 1939 similitudine
1090 1906 1251 1938 adhibita
1318 1927 1735 1937 ........
1785 1912 1828 1942 99

377 1965 455 2012 52.

377 2024 455 2070 §3-

495 1967 552 1999 De
579 1966 812 1998 adiunctione
831 1965 1051 2008 paratactica
1070 1965 1235 1996 brevium
1255 1963 1520 1996 enuntiatorum
1539 1961 1734 1994 causalium
1768 1970 1826 2002 ¹03

494 2025 552 2058 De
572 2025 722 2067 singulis
741 2025 956 2067 quibusdam
977 2023 1168 2056 sententiis
1185 2022 1440 2054 Bucolicorum
1460 2019 1620 2063 parataxi
1640 2029 1736 2051 corn-

493 2085 622 2127 positis
670 2102 1735 2115 ...................
1768 2088 1821 2117 11)

285 2142 460 2175 Summa
493 2162 1734 2175 ......................
1768 2145 1827 2167 122
