2222 3417
974 260 1264 298 -74-

347 366 443 407 2,8:
557 376 674 403 nunc
708 365 841 403 etiam
875 364 1075 416 pecudes
1108 365 1290 403 umbras
1323 370 1369 402 et
1400 364 1571 415 frigora
1604 370 1803 416 captant,

557 447 674 473 nunc
706 434 870 472 virides
902 435 1037 473 etiam
1071 434 1300 473 occultant
1331 435 1509 485 spineta
1541 434 1746 482 lacertos,

348 522 472 558 3,13:
1114 523 1230 562 quae
1265 516 1324 556 tu,
1355 523 1569 561 perverse
1603 510 1823 557 Menalca,

559 586 605 618 et
638 592 734 618 cum
770 580 917 618 vidisti
949 593 1089 631 puero
1125 580 1302 626 donata,
1337 579 1534 627 dolebas,

558 656 604 687 et
636 651 671 688 si
704 662 792 688 non
827 649 974 701 aliqua
1006 651 1246 695 nocuisses,
1282 655 1482 689 mortuus
1516 663 1652 690 esses.

346 726 470 772 5,So:
555 725 667 764 haec
701 738 783 763 nos
819 725 1089 775 „formosum
1123 723 1332 777 Corydon
1368 725 1560 764 ardebat
1590 726 1815 774 Alexim“,

555 795 667 834 haec
701 796 859 834 eadem
897 796 1049 835 docuit
1084 797 1253 845 „cuium
1289 797 1453 847 pecus?
1487 809 1541 834 an
1576 795 1837 836 Meliboei?“

347 882 416 919 7,1
553 870 690 909 Forte
723 872 804 909 sub
840 879 1003 922 arguta
1035 872 1308 910 consederat
1339 872 1436 911 ilice
1468 871 1673 923 Daphnis

554 940 956 992 compulerantque
978 954 1149 992 greges
1170 941 1381 992 Corydon
1405 948 1454 980 et
1475 942 1659 993 Thyrsis
1679 943 1723 980 in
1746 954 1894 981 unum.

344 1017 470 1065 8,09:
555 1013 763 1055 Carmina
795 1016 864 1054 vel
899 1016 1025 1055 caelo
1058 1023 1245 1068 possunt
1279 1017 1504 1056 deducere
1537 1016 1722 1063 Lunam,

555 1087 825 1125 carminibus
859 1084 984 1125 Circe
1018 1089 1163 1126 socios
1197 1089 1385 1126 mutavit
1418 1087 1547 1135 Ulixi,

554 1155 743 1207 frigidus
777 1158 816 1195 in
853 1158 992 1207 pratis
1024 1159 1251 1196 cantando
1284 1159 1504 1209 rumpitur
1538 1160 1709 1209 anguis.

383 1282 414 1335 ξ
446 1282 488 1325 4.
550 1282 617 1325 De
649 1284 924 1335 symmetria
957 1284 1334 1336 complexionum
1367 1285 1586 1326 binorum
1620 1297 1853 1327 versuum.

458 1365 668 1417 Denique
693 1367 733 1404 in
759 1365 980 1404 Bucolicis
1003 1365 1188 1418 Vergilii
1215 1380 1549 1419 nonnumquam
1579 1368 1665 1406 duo
1690 1369 1892 1407 membra

343 1435 559 1486 aequalia,
593 1449 779 1487 quorum
817 1443 1054 1488 utrumque
1089 1437 1217 1475 binos
1240 1450 1395 1476 versus
1418 1437 1628 1489 complet,
1651 1439 1893 1478 coniuncta

342 1513 455 1543 sunt.
517 1505 617 1544 Non
654 1507 922 1547 mirabimur.
956 1506 1077 1557 quod
1110 1508 1150 1544 in
1187 1508 1236 1545 iis
1268 1507 1472 1558 singulae
1507 1509 1713 1547 notiones
1747 1510 1892 1547 minus

342 1575 423 1613 sibi
448 1576 727 1626 respondent
745 1589 875 1627 quam
901 1577 943 1614 in
967 1577 1180 1615 membris
1204 1578 1496 1616 brevioribus.
1539 1577 1604 1616 Ea
1629 1579 1892 1630 symmetria

344 1645 408 1682 his
441 1645 547 1684 locis
581 1646 838 1697 eclogarum
875 1647 1114 1685 invenitur:

350 1740 467 1775 1,5o:
554 1735 658 1766 ante
693 1727 814 1766 leves
848 1741 959 1778 ergo
993 1735 1237 1779 pascentur
1269 1730 1310 1767 in
1345 1742 1543 1781 aequore
1577 1730 1700 1768 cervi

555 1805 599 1835 et
633 1798 747 1836 freta
783 1799 1029 1837 destituent
1062 1799 1205 1838 nudos
1239 1801 1279 1838 in
1316 1799 1443 1839 litore
1475 1801 1634 1851 pisces,

554 1875 658 1906 ante
692 1870 934 1919 pererratis
968 1871 1198 1908 amborum
1236 1869 1397 1908 finibus
1431 1870 1533 1908 exul

554 1946 629 1976 aut
661 1939 837 1977 Ararim
873 1938 1064 1978 Parthus
1097 1941 1226 1978 bibet
1258 1947 1334 1979 aut
1367 1938 1609 1980 Germania
1642 1939 1825 1991 Tigrim,

554 2021 685 2059 quam
723 2016 875 2047 nostro
909 2009 1018 2047 illius
1051 2009 1227 2048 labatur
1258 2016 1445 2061 pectore
1477 2012 1634 2056 voltus,

343 2090 416 2127 ubi
460 2092 721 2140 symmetria
772 2104 901 2129 versu
944 2094 1009 2140 63.
1055 2099 1264 2141 augetur,
1311 2093 1384 2144 qui
1430 2093 1722 2138 enuntiatum,
1768 2093 1888 2144 quod

343 2159 488 2209 logica
522 2161 694 2198 ratione
728 2173 808 2211 pro
843 2163 1051 2212 primario
1086 2170 1167 2207 est,
1201 2163 1422 2207 continet:

349 2253 408 2286 10,
424 2244 495 2289 04:
553 2255 638 2280 non
675 2242 790 2280 illum
827 2244 965 2281 nostri
999 2250 1187 2294 possunt
1222 2250 1394 2282 mutare
1429 2244 1618 2290 labores,

554 2325 636 2351 nec
670 2313 701 2350 si
740 2312 980 2363 frigoribus
1014 2313 1170 2352 mediis
1206 2313 1500 2366 Hebrumque
1534 2315 1740 2354 bibamus

553 2380 870 2434 Sithoniasque
905 2384 1028 2421 nives
1062 2384 1219 2422 hiemis
1252 2385 1492 2423 subeamus
1526 2398 1736 2436 aquosae,

554 2465 636 2491 nec
669 2454 715 2499 si,
749 2465 846 2491 cum
885 2454 1078 2492 moriens
1112 2453 1198 2492 alta
1234 2453 1345 2492 liber
1378 2461 1473 2493 aret
1508 2455 1548 2493 in
1585 2455 1714 2501 ulmo,

554 2522 827 2573 Aethiopum
864 2537 1094 2561 versemus
1129 2538 1236 2562 oves
1269 2525 1350 2562 sub
1385 2525 1531 2563 sidere
1565 2527 1727 2572 cancri,

343 2615 429 2652 quo
484 2601 580 2641 loco
633 2606 909 2642 enuntiatum
964 2606 1218 2656 primarium
1273 2607 1312 2645 in
1363 2620 1448 2645 uno
1494 2620 1623 2645 versu
1670 2606 1884 2646 inclusum

341 2672 591 2721 praecedit:

344 2748 465 2789 2.40:
1116 2747 1192 2784 tibi
1227 2746 1417 2785 candida
1451 2746 1557 2785 Nais

552 2812 770 2862 pallentes
805 2814 941 2853 violas
975 2823 1019 2854 et
1051 2829 1225 2855 summa
1258 2829 1484 2868 papavera
1519 2829 1710 2868 carpens

553 2884 792 2922 narcissum
830 2893 875 2923 et
909 2884 1060 2924 florem
1098 2887 1241 2937 iungit
1273 2887 1390 2925 bene
1425 2887 1584 2925 olentis
1617 2887 1779 2934 anethi,
