2222 3417
899 302 1185 337 -45-

270 403 469 443 Graecos
514 404 616 443 talia
663 405 871 456 exempla
921 407 1210 456 symmetriae
1257 406 1431 445 desunt.
1504 406 1713 458 Denique
1760 420 1817 445 ex

269 476 466 514 carmine
495 477 559 514 62.
593 473 750 514 Catulli
784 475 1039 514 afferendus
1072 482 1140 514 est
1174 477 1243 515 hic
1276 489 1450 515 versus:

270 571 340 617 58:
480 550 585 608 calra
617 552 711 608 vii‘o
746 550 890 621 ma³gis
923 575 970 608 et
998 567 1001 606 Ι
1032 550 1175 608 minus
1209 577 1277 608 est
1310 551 1451 608 inxiisa
1482 563 1679 621 par—ent&

270 676 356 714 quo
378 676 510 701 versu
531 664 649 702 haud
670 665 760 702 scio
783 677 838 702 an
862 664 993 702 etiam
1012 663 1288 702 verisimilius
1311 662 1387 702 fiat
1407 677 1552 715 genus
1574 664 1816 715 hymenae-

270 746 392 771 orum
418 746 515 772 cum
541 735 667 784 poesi
689 733 892 772 bucolica
916 733 1063 785 aliquo
1089 734 1221 772 modo
1246 734 1504 780 cohaerere,
1533 735 1635 785 quia
1659 735 1815 772 mirum

268 804 310 841 in
344 804 523 842 modum
560 817 658 842 cum
694 803 773 842 Th.
794 817 936 851 1,141,
971 817 1100 854 quem
1134 817 1310 842 versum
1340 817 1473 854 supra
1501 805 1728 854 exscripsi,
1763 817 1815 842 eo

268 875 504 920 consentit,
538 874 659 925 quod
680 875 722 912 in
746 875 893 925 priore
918 874 1097 912 dimidio
1122 874 1389 912 adiectivum
1416 874 1532 912 idem
1557 873 1816 925 significans

269 956 367 982 cum
408 944 558 983 dativo
598 945 883 983 coniunctum
926 950 1012 991 est,
1052 945 1093 982 in
1131 944 1271 983 altero
1304 946 1462 982 iterum
1500 945 1658 982 eadem
1694 945 1815 982 notio

269 1013 429 1064 figura,
475 1028 589 1066 quae
632 1014 779 1053 litotes
820 1015 995 1060 dicitur,
1040 1014 1291 1065 significata
1331 1027 1429 1053 cum
1472 1015 1613 1052 altero
1653 1015 1817 1053 dativo.

269 1082 436 1122 Contra
468 1086 509 1122 in
545 1087 741 1123 carmine
777 1088 840 1133 (34.
874 1085 1014 1123 solum
1049 1085 1133 1123 hoc
1167 1085 1422 1135 exemplum
1459 1084 1640 1135 legitur:

271 1191 369 1227 229:
480 1191 594 1229 quae
625 1159 823 1217 nosti-um
855 1171 1000 1229 genus
1030 1191 1081 1216 ac
1111 1178 1114 1229 Ι
1144 1171 1275 1216 sedes
1306 1177 1551 1216 defendere
1579 1159 1817 1216 Erechthei

480 1249 645 1294 adnuit,
1067 1249 1187 1300 quod
1219 1262 1374 1300 parum
1412 1248 1701 1287 memorabile
1737 1253 1817 1286 est.

269 1387 296 1441 ξ
329 1387 370 1429 2.
423 1388 490 1430 De
519 1388 795 1438 symmetria
822 1388 1031 1440 partium
1060 1399 1236 1438 versus,
1266 1399 1380 1438 quae
1409 1387 1814 1428 hemistichiorum

873 1458 1093 1510 proxima
1125 1459 1210 1499 est.

387 1540 534 1592 Saepe
576 1554 755 1592 quoque
796 1542 1061 1579 observatur
1100 1542 1378 1579 concinnitas
1419 1540 1660 1591 quaedam,
1701 1553 1815 1591 quae

270 1617 507 1650 accuratae
547 1612 836 1662 symmetriae
877 1610 1255 1649 hemistichiorum
1296 1612 1503 1661 proxima
1537 1616 1617 1648 est.
1680 1609 1741 1648 Ut
1773 1611 1816 1648 in

269 1681 347 1719 illis
387 1683 588 1720 versibus
628 1682 714 1720 duo
755 1683 958 1720 membra
998 1682 1155 1719 eodem
1196 1681 1349 1719 ordine
1384 1682 1625 1719 coniuncta
1657 1680 1817 1718 finibus

269 1752 542 1802 singulorum
584 1752 961 1790 hemistichiorum
1005 1752 1271 1790 cohibentur
1312 1757 1355 1788 et
1394 1752 1596 1788 intense
1631 1763 1816 1789 caesura

270 1823 626 1872 penthemimere
649 1822 719 1861 vel
745 1823 972 1860 trochaica
996 1822 1262 1866 dividuntur,
1286 1823 1345 1859 ita
1370 1822 1410 1859 in
1436 1820 1656 1859 Bucolicis
1680 1833 1816 1871 saepe

269 1905 423 1930 versus
456 1893 752 1938 inveniuntur,
786 1893 860 1943 qui
894 1892 979 1930 duo
1012 1893 1211 1930 membra
1243 1891 1427 1942 singulis
1458 1892 1712 1929 notionibus
1735 1891 1817 1928 sibi

269 1963 589 2013 respondentia
622 1975 709 2000 non
744 1968 833 2000 tam
870 1968 1079 2001 accurate
1115 1963 1325 2000 incisione
1367 1962 1502 1999 divisa
1544 1961 1733 2003 habent:
1774 1962 1814 1998 in

271 2032 416 2070 multis
464 2032 641 2083 quidem
690 2032 907 2083 exemplis
953 2034 1155 2070 membra
1205 2031 1414 2083 parallela
1461 2036 1671 2081 separata
1718 2044 1815 2068 esse

270 2103 472 2140 videmus
495 2115 681 2141 caesura
704 2103 979 2147 secundaria,
1002 2104 1025 2141 i.
1050 2116 1085 2141 e.
1108 2103 1480 2152 semiseptenaria
1504 2108 1579 2139 aut
1602 2101 1817 2139 bucolica.

270 2172 316 2210 In
339 2174 388 2210 iis
410 2173 511 2211 solis
533 2174 734 2211 versibus
757 2174 849 2210 eius
870 2174 1052 2223 generis
1069 2173 1288 2223 quaedam
1307 2171 1602 2222 aequabilitas
1619 2171 1814 2209 colorum

273 2245 569 2289 metricorum,
605 2249 651 2281 ut
679 2250 799 2293 puto,
833 2244 1005 2287 mansit,
1034 2244 1074 2280 in
1101 2244 1260 2293 quibus
1286 2243 1512 2280 minimum
1539 2242 1639 2279 bina
1665 2241 1817 2285 verba,

272 2326 386 2363 quae
415 2314 498 2351 sibi
526 2313 815 2363 respondent,
848 2314 889 2350 in
922 2319 1110 2363 utroque
1142 2312 1420 2350 hemistichio
1450 2311 1666 2358 restant.¹)

389 2416 415 2458 ¹)
441 2417 632 2458 Negligam
659 2417 763 2458 igitur
788 2417 880 2448 tales
907 2427 1054 2448 versus:

295 2499 334 2530 Β.
356 2509 381 2536 1,
402 2508 461 2539 73:
527 2481 651 2530 1ns¹ere
679 2508 783 2535 nunc,
811 2499 1008 2534 Meliboee,
1033 2497 1036 2539 Ι
1059 2491 1166 2539 piros,
1194 2480 1289 2539 pohe
1317 2491 1441 2528 ordine
1469 2490 1574 2527 vites.

352 2590 382 2621 7,
399 2590 433 2620 3:
529 2562 680 2622 Th'frsis
708 2562 810 2618 ovles‚
838 2562 1007 2622 Corylvdon
1032 2581 1034 2619 Ι
1059 2572 1235 2611 distentas
1262 2572 1355 2610 lacte
1384 2570 1554 2620 capellas.

272 2649 382 2682 Cuius
409 2649 555 2691 quidem
582 2650 764 2681 sententia
790 2649 903 2690 magis
930 2659 975 2681 eo
1002 2649 1163 2686 inclinat,
1198 2653 1235 2680 ut
1265 2647 1599 2690 semiscptenariam
1629 2655 1815 2677 caesuram

271 2708 521 2751 principalem,
549 2709 578 2740 si
604 2712 687 2750 post
713 2718 743 2746 4.
772 2708 877 2740 assim
903 2708 1046 2749 gravior
1077 2707 1201 2738 incisio
1230 2717 1361 2738 sensus
1388 2709 1519 2742 exstat,
1547 2707 1696 2740 statuat,
1730 2713 1816 2733 non-

273 2767 445 2797 nullorum
479 2776 649 2798 versuum
683 2777 703 2798 a
734 2777 792 2798 me
827 2767 1040 2798 omissorum
1074 2766 1246 2797 rationem
1281 2764 1430 2795 habebit
1463 2768 1570 2805 atque
1606 2772 1734 2793 versus
1760 2760 1817 2791 hic

273 2829 504 2857 enumeratos
531 2835 644 2867 saepe
672 2825 773 2857 aliter
799 2825 955 2867 digeret3
989 2828 1109 2855 tamen
1144 2827 1243 2855 certo
1276 2827 1349 2854 tum
1385 2833 1454 2853 non
1488 2821 1605 2851 minus
1632 2818 1819 2861 apparebit

272 2888 401 2926 poetas
429 2884 542 2924 magis
568 2883 601 2914 in
629 2883 845 2915 carminibus
871 2883 1046 2915 bucolicis
1073 2892 1178 2924 quam
1207 2881 1238 2912 in
1267 2881 1383 2922 epicis
1407 2883 1528 2922 paries
1555 2889 1724 2910 versuum
1753 2877 1817 2908 sibi

274 2942 540 2984 respondentes
567 2942 802 2984 appetivisse.
