2253 3443
1069 255 1352 292 -16—

441 373 684 417 suavitatis,
718 379 766 410 ut
798 371 1005 422 equidem
1040 371 1199 416 sentio,
1233 370 1373 415 addit,
1407 382 1505 408 cum
1541 369 1646 408 nihil
1679 370 1783 408 novi
1816 369 1988 416 afferat,

441 442 519 480 sed
564 449 794 493 tamquam
842 441 1113 491 epexegesis
1157 441 1224 480 sit.
1297 438 1511 479 Similiter
1553 439 1839 479 iudicandum
1887 453 1987 479 esse

441 525 606 551 censeo
635 512 690 550 de
717 512 920 550 versibus
945 523 980 556 2,
1007 523 1058 559 39
1083 516 1129 548 et
1152 512 1188 556 8,
1213 512 1284 559 56,
1319 522 1506 561 quorum
1535 510 1685 560 priora
1707 510 1989 549 hemistichia

442 596 465 620 e
498 583 646 620 verbis
690 582 970 633 praegressis
1013 581 1210 631 repetita
1257 593 1355 619 cum
1397 580 1620 619 suavitate
1661 580 1854 632 quadarn
1896 580 1989 619 aliis

442 653 589 690 verbis
617 653 823 702 opposita
850 651 997 699 sunt.¹)
1050 649 1169 690 Sane
1203 650 1308 688 mihi
1340 649 1683 689 concedendum
1719 656 1788 689 est
1819 651 1861 689 in
1897 651 1990 702 qui-

441 723 629 761 busdam
669 722 870 760 versibus
910 722 1053 759 minus
1092 721 1285 759 studium
1320 721 1553 759 suavitatis
1587 733 1719 772 quam
1758 720 1987 760 consilium

442 794 764 831 contrariorum
807 793 951 843 magis
990 791 1342 837 efferendorum,
1382 791 1501 843 quod
1543 791 1663 842 apud
1699 804 1855 830 omnes
1888 804 1990 830 auc-

443 871 563 901 tores
595 863 829 909 invenitur,
862 861 997 900 fuisse
1031 875 1210 901 causam
1245 863 1554 913 symmetriae:
1593 860 1648 900 cf.
1680 873 1715 908 2,
1744 863 1812 908 16;
1855 874 1890 907 2,
1919 863 1988 908 18;

444 946 478 981 3,
501 945 574 980 42:
611 945 645 980 3,
671 934 742 981 58;
779 944 813 980 3,
843 945 933 971 110.
985 931 1195 983 Denique
1232 933 1274 970 in
1309 945 1440 970 versu
1476 934 1513 978 8,
1538 934 1592 970 80
1625 933 1931 983 symmetriam
1965 944 1992 970 a

442 1001 642 1054 Vergilio
682 1004 924 1053 praecipue
965 1002 1208 1040 adhibitam
1250 1014 1370 1047 esse,
1417 1008 1463 1040 ut
1502 1007 1707 1040 naturam
1743 1003 1987 1041 carminum

443 1074 718 1124 magicorum
755 1074 1013 1119 imitaretur,
1046 1074 1164 1111 inter
1199 1085 1354 1111 omnes
1388 1072 1612 1122 constatfl)

558 1154 620 1193 Ut
653 1161 883 1206 appareat,
917 1168 1019 1193 num
1055 1168 1202 1205 genus
1236 1155 1485 1194 bucolicum
1520 1168 1682 1194 revera
1715 1168 1768 1193 eo
1805 1153 1990 1193 artificio

441 1232 623 1276 praeter
655 1224 738 1262 alia
771 1231 983 1275 poemata
1017 1224 1222 1271 excellat,
1257 1238 1369 1277 opus
1403 1232 1471 1264 est
1504 1225 1589 1264 alia
1621 1226 1822 1264 carmina
1848 1224 1988 1263 isdem

441 1295 643 1333 versibus
682 1296 848 1345 scripta
888 1307 1166 1345 comparare.
1235 1294 1432 1333 Maxime
1472 1295 1636 1334 idonea
1674 1301 1777 1334 sunt
1820 1294 1993 1347 reliqua

442 1378 580 1416 opera
604 1365 731 1403 huius
754 1364 953 1416 Vergilii,
986 1378 1042 1403 ne
1076 1366 1174 1416 quis
1208 1365 1463 1404 discrimina
1491 1367 1526 1404 si
1551 1378 1668 1417 quae
1694 1366 1993 1405 observantur

442 1436 494 1473 ad
531 1436 653 1473 varia
685 1436 867 1485 ingenia
897 1443 1127 1474 auctorum
1153 1435 1332 1475 referat.
1385 1435 1454 1475 Ne
1480 1449 1568 1488 quo
1594 1448 1699 1475 casu
1724 1435 1992 1482 falleremur,

442 1519 498 1543 ex
532 1512 746 1556 quattuor
777 1505 915 1544 libris:
951 1518 1008 1544 ex
1035 1505 1065 1544 Ι.
1089 1513 1135 1544 et
1156 1505 1232 1545 IV.
1257 1504 1583 1557 Georgicorum
1618 1512 1664 1545 et
1693 1519 1752 1545 ex
1773 1505 1803 1545 Ι.
1826 1512 1872 1544 et
1894 1504 1992 1545 XII.

441 1575 669 1621 Aeneidis,
703 1577 864 1627 quibus
899 1578 1008 1626 2788
1042 1589 1198 1615 versus
1231 1582 1351 1624 sunt,
1385 1589 1462 1615 eos
1495 1576 1636 1623 locos,
1671 1577 1745 1628 qui
1779 1589 1876 1615 cum
1912 1575 1993 1615 illis

442 1647 643 1684 versibus
677 1646 935 1697 eclogarum
977 1646 1169 1685 conferri
1210 1654 1416 1698 possunt,
1456 1660 1614 1685 omnes
1653 1646 1835 1698 collegi:
1876 1659 1992 1698 quae

442 1715 649 1767 exempla
684 1717 841 1755 eadem
876 1718 1051 1755 ratione
1085 1715 1299 1768 disposita
1330 1717 1444 1756 haec
1476 1722 1604 1756 sunt:

441 1870 480 1917 a)
513 1866 725 1916 G.I,341:
1146 1834 1176 1881 I’
1215 1848 1286 1874 Ia:

629 1943 635 1957 ¹
797 1944 808 1959 ’Ξ
981 1954 984 1958 ⁴
1428 1945 1439 1960 ε
1641 1955 1644 1959 .

582 1970 672 2000 tum
708 1964 900 2013 pingues
934 1944 1039 2014 agni
1070 1963 1073 2015 Ι
1103 1969 1148 2002 et
1179 1944 1271 2002 tulin
1307 1963 1563 2002 mollissima
1595 1945 1710 2009 viha,

583 2053 673 2082 tum
708 2046 851 2083 somni
885 2045 1038 2084 dulces
1072 2045 1333 2097 densaeque
1367 2047 1408 2085 in
1444 2046 1672 2085 montibus
1707 2046 1905 2084 umbrae.

440 2206 479 2245 α)
511 2197 564 2234 A.
579 2196 608 2241 Ι,
625 2199 727 2245 699:
1144 2162 1174 2208 I'
1209 2163 1284 2202 1b:

629 2271 635 2285 ι
756 2272 767 2287 ¹:
1410 2274 1421 2289 ⁴:
1641 2274 1652 2289 τ

582 2291 665 2327 iam
701 2299 831 2341 pater
863 2273 1048 2330 Aeneas
1077 2292 1081 2342 1
1111 2299 1157 2330 et
1190 2273 1272 2330 ia¹m
1309 2292 1502 2331 Troiana
1535 2294 1745 2331 iuventus

582 2374 868 2419 conveniunt,

563 2499 585 2534 't
616 2499 788 2531 Versibus
815 2502 846 2538 8,
868 2511 971 2543 55sq.
999 2501 1134 2533 similes
1163 2511 1247 2533 esse
1275 2501 1444 2533 videntur
1470 2501 1585 2544 primo
1612 2501 1646 2533 hi
1674 2511 1823 2534 versus:

442 2556 584 2591 A.X11‚
606 2560 687 2597 54ὸ;
722 2558 778 2589 hic
806 2558 866 2589 tibi
895 2559 1017 2590 mortis
1043 2564 1146 2591 erant
1171 2564 1308 2592 metae:
1337 2560 1468 2592 domus
1495 2560 1567 2592 alta
1595 2561 1663 2592 sub
1691 2559 1765 2598 Ida,

724 2615 872 2658 Lyrnesi
901 2617 1030 2649 (lomus
1057 2618 1137 2655 alta,
1165 2618 1242 2650 solo
1270 2618 1449 2651 Laurente
1477 2618 1724 2662 sepulchrum.

442 2673 506 2705 sed
541 2674 597 2706 hic
625 2675 872 2717 epanalepsim
901 2686 942 2708 ac
976 2677 1222 2719 symmetriam
1250 2677 1295 2709 ad
1323 2675 1441 2715 πάθος
1467 2677 1781 2710 commovendum
1808 2677 1989 2720 pertinere

441 2733 672 2773 cognoscitur
698 2744 718 2765 e
746 2735 916 2766 membris
942 2735 1043 2776 gravi
1071 2735 1204 2768 affectu
1231 2736 1424 2779 oppositis;
1453 2736 1488 2767 id
1517 2736 1564 2768 de
1592 2736 1659 2768 illis
1684 2736 1852 2768 versibus
1872 2735 1990 2769 Buco-

441 2790 587 2821 licorum
617 2791 761 2823 minim(-
789 2793 857 2824 dici
885 2798 1018 2835 potest.

560 2848 585 2889 ²)
613 2849 664 2881 Cf.
690 2850 913 2889 Gebauer,
946 2852 965 2884 l.
992 2852 1030 2891 l.,
1057 2863 1138 2895 pag.
1165 2863 1213 2893 13.
1266 2853 1462 2892 Norden,
1498 2853 1567 2886 Die
1601 2853 1724 2885 antike
1753 2853 1991 2895 Kunstprosa,

443 2906 586 2949 Leipzig
611 2912 704 2947 1898,
735 2909 774 2945 Η,
795 2921 874 2952 pag.
895 2912 973 2942 820.
