2222 3417
928 273 1245 309 -103-

524 380 584 421 ὣς
615 378 684 417 καὶ
717 377 866 429 Δὲλᾳιν
898 376 1035 428 ἴδοιμι,
1068 376 1137 416 καὶ
1169 377 1210 419 ἒς
1240 376 1334 415 τόδε
1367 375 1491 426 δῶμα
1523 374 1697 426 περάσαι

523 449 763 500 μαινομένῳ
797 447 928 491 ἴκελος
959 447 1133 498 λιπαρᾶς
1166 446 1338 485 ἔκτοσθε
1369 445 1632 495 παλαίστρας.

319 532 379 567 14,
399 532 467 568 39:
523 519 715 571 μάστακα
750 518 866 557 δοῖσα
898 518 1094 557 τέκνοισιν
1129 517 1403 568 ὑπωροφίσισι
1437 514 1612 567 χελιδών

525 590 718 640 ἄψορρον
749 587 888 640 ταχινὰ
921 588 1077 627 πέτεται
1108 587 1199 638 βίον
1231 586 1353 625 ἄλλον
1386 586 1575 637 ἀγείρειν·

526 659 714 709 ὠκυτέρα
747 658 939 711 μαλακᾶς
971 657 1053 696 ἀπὸ
1087 657 1291 709 δίφρακος
1323 656 1480 708 ἔδραμε
1512 656 1611 707 τήνα

525 729 595 768 ἰθὺ
629 728 678 768 δι’
704 729 938 780 ἁμφιθύρο)
971 728 1039 767 καὶ
1074 727 1264 771 δικλίδος,
1297 726 1326 778 ᾇ
1355 727 1482 769 πόδες
1514 724 1627 777 ἆγον.

319 810 439 849 17‚o:
516 798 628 837 Ἴδαν
661 799 701 842 ἒς
731 798 1014 848 πολύδενδρον
1046 798 1151 849 ἀνὴρ
1187 796 1390 847 ὗλατόμσς
1422 795 1560 835 ἐλθών

526 869 749 913 παπταίνει,
781 867 1007 919 παρεόντος
1039 867 1155 919 ἄδην,
1188 867 1321 906 πόθεν
1354 867 1516 917 ἄρξεται
1549 867 1684 918 ἔργον.

526 940 562 978 τί
589 942 757 989 πρῶτον
789 938 1024 985 καταλέξω;
1057 937 1141 977 ἐπεὶ
1172 938 1287 988 πάρα
1318 937 1447 988 μυρία
1480 937 1614 983 εἰπεῖν,

527 1009 603 1048 οἷσι
640 1009 727 1048 θεοὶ
760 1008 830 1047 τὸν
862 1009 1026 1059 ἄριστον
1059 1008 1251 1059 ἐτίμησαν
1282 1007 1504 1059 βασιλήων.

321 1081 470 1127 13‚62:
529 1080 676 1130 νεβροῦ
710 1079 1006 1129 φθεγξαμένας
1037 1093 1093 1121 τις
1125 1078 1167 1116 ἕν
1200 1079 1365 1128 οὔρεσιν
1397 1077 1631 1128 (ἷῃιιοᾳάγος
1662 1077 1720 1120 λῖς

526 1149 569 1194 ἒξ
601 1149 721 1192 εῧνᾶς
753 1149 946 1187 ἔσπευσεν
979 1148 1240 1200 ἕτοιμοτάταν
1273 1148 1336 1187 ἐπὶ
1373 1148 1505 1186 δαῖτα·

523 1218 755 1271 ςΗρακλέης
786 1223 969 1262 τοιοῦτος
1001 1219 1043 1257 ἔν
1075 1219 1318 1269 ἀτρίπτοισιν
1350 1218 1556 1261 ἀκάνθαις

527 1289 656 1328 παῖδα
688 1290 840 1328 ποθῶν
873 1289 1081 1341 δεδόνητο,
1113 1288 1242 1328 πολὺν
1275 1288 1309 1327 δ’
1335 1288 1592 1339 ἐπελάμβανε
1625 1290 1777 1339 χῶρον.

317 1366 389 1416 qui
437 1364 559 1403 locus
598 1365 668 1403 hic
710 1378 799 1402 non
845 1365 1092 1403 laudandus
1138 1373 1223 1411 est,
1270 1365 1350 1402 nisi
1394 1377 1491 1402 cum
1540 1364 1866 1402 recentioribus

317 1435 562 1473 editoribus
591 1448 766 1474 Versum
796 1437 861 1473 oi.
885 1448 972 1473 non
999 1436 1204 1473 omnibus
1232 1434 1351 1472 libris
1375 1434 1585 1472 traditum
1612 1435 1865 1472 omittimus.

318 1503 600 1556 Quamquam
649 1506 784 1556 igitur
822 1506 862 1544 in
905 1505 970 1543 his
1010 1518 1190 1556 quoque
1231 1505 1500 1543 carminibus
1541 1517 1594 1541 ea
1638 1504 1866 1554 parataxis

318 1588 405 1613 non
440 1588 541 1613 raro
577 1576 854 1622 observatur,
887 1577 936 1613 iis
970 1575 1076 1614 locis
1110 1581 1306 1613 nostram
1342 1575 1609 1612 sententiam
1647 1587 1734 1612 non
1768 1574 1866 1612 red-

318 1646 446 1696 argui
485 1646 620 1690 dicet,
661 1646 735 1696 qui
774 1646 1079 1683 considerabit
1113 1658 1367 1683 sermonem
1404 1658 1459 1682 ne
1495 1644 1649 1682 horum
1686 1644 1863 1695 quidem

317 1714 588 1765 idylliorum,
621 1717 862 1766 praecipue
898 1717 1128 1754 mimorum
1167 1718 1218 1765 (2.
1243 1721 1289 1752 et
1317 1715 1408 1763 14),
1443 1714 1726 1765 simplicitate
1762 1726 1866 1764 qua-

319 1785 422 1823 dam
457 1797 626 1823 carere.

439 1854 486 1893 In
533 1855 612 1893 illis
657 1856 926 1894 carminibus
977 1854 1235 1893 inferiorum
1281 1860 1516 1905 poetarum
1564 1853 1866 1892 bucolicorum

318 1924 421 1963 talia
457 1938 545 1963 non
577 1926 738 1964 inveni.

439 1993 531 2033 Sed
566 2002 612 2033 ut
645 2008 861 2033 summam
897 1995 1077 2037 faciam,
1117 2008 1174 2033 ex
1208 1993 1426 2045 exemplis
1460 1993 1643 2044 prolatis
1677 2006 1867 2043 cognos-

320 2066 433 2103 citur
466 2064 774 2111 Theocritum,
820 2072 865 2104 ut
904 2078 1157 2103 sermonem
1199 2066 1446 2103 tenuiorem
1484 2063 1703 2111 efficeret,
1749 2076 1867 2102 com-

319 2135 483 2186 pluries
516 2136 557 2173 in
592 2135 814 2174 Bucolicis
849 2149 995 2187 neque
1030 2149 1119 2173 non
1143 2137 1182 2174 in
1209 2136 1372 2173 ceteris
1406 2135 1676 2173 carminibus
1707 2134 1866 2172 eodem

321 2206 475 2243 ordine
502 2206 704 2243 membra
727 2206 1020 2243 similitudinis
1045 2207 1349 2249 coniunxisse;
1385 2205 1500 2243 idem
1532 2217 1866 2255 nonnumquam

320 2274 546 2326 Vergilius
581 2276 623 2312 in
659 2274 840 2326 ecIogis,
872 2288 973 2313 raro
1007 2276 1048 2312 in
1075 2273 1312 2325 Georgicis
1347 2281 1393 2312 et
1414 2275 1622 2312 Aeneide
1658 2275 1869 2312 adhibuit.

318 2344 530 2396 Denique
577 2358 709 2396 quam
756 2346 873 2383 bene
919 2358 1018 2383 cum
1065 2357 1272 2383 sermone
1320 2345 1440 2382 tenui
1487 2345 1598 2382 haec
1640 2345 1869 2395 parataxis

321 2417 581 2460 conveniat,
614 2421 742 2466 patet
775 2428 833 2452 ex
866 2415 935 2453 illo
969 2414 1227 2465 fragmento
1263 2416 1425 2453 cantici
1459 2414 1638 2459 Graeci,
1672 2414 1794 2465 quod
1826 2415 1867 2451 in

321 2497 426 2536 pag.
449 2488 515 2533 oo.
548 2484 735 2523 laudavi.

342 2612 370 2666 g
397 2612 438 2652 2.
502 2611 568 2653 De
601 2611 900 2653 adiunctione
930 2612 1220 2663 paratactiea
1252 2613 1462 2653 brevium
1497 2612 1848 2652 enuntiatorum

868 2713 891 2729 „
960 2681 1234 2722 causalium.

440 2757 628 2796 Praeter
657 2759 771 2797 hanc
800 2771 891 2796 rem
919 2757 1174 2808 diligentius
1197 2758 1408 2808 persequi
1431 2756 1560 2795 velim
1586 2756 1701 2794 aliud
1724 2768 1869 2805 genus

325 2828 502 2867 dicendi
525 2835 775 2866 memoratu
800 2828 997 2879 dignum,
1031 2828 1151 2878 quod
1179 2828 1281 2864 item
1309 2827 1365 2864 ad
1388 2827 1635 2877 parataxim
1662 2826 1870 2876 pertinet.

326 2897 411 2949 Qui
442 2897 653 2937 Bucolica
677 2897 863 2949 Vergilii
902 2899 1150 2936 accuratius
1191 2897 1330 2948 leget,
1370 2896 1699 2934 animadvertet
1732 2906 1868 2944 saepe
