2222 3417
965 725 1112 776 vita.

379 828 580 869 Rudolf
618 828 785 870 Gimm
833 836 965 870 natus
1009 844 1104 870 sum
1146 830 1325 884 Lipsiae
1364 845 1401 872 a.
1434 831 1473 871 d.
1494 830 1591 873 VH.
1621 832 1684 872 Id.
1717 831 1819 873 Oct.

264 900 368 938 anni
404 902 510 949 1885
551 906 681 952 patre
715 900 908 939 Arnone
948 907 1093 940 matre
1125 901 1346 942 Mathilda
1377 915 1402 941 e
1435 908 1576 954 gente
1609 901 1819 943 Himmel.

262 968 388 1009 Fidei
421 970 625 1010 addictus
658 983 754 1009 sum
790 970 1099 1022 evangelicae.
1160 969 1432 1016 Litterarum
1473 972 1710 1012 elementis
1740 974 1819 1012 im-

264 1041 397 1079 butus
431 1040 629 1080 scholam
665 1040 967 1088 Thomanam,
1007 1054 1125 1093 quae
1164 1054 1282 1081 nunc
1319 1054 1500 1094 quoque
1527 1041 1817 1094 Jungmanno

263 1117 441 1150 rectore
463 1110 606 1158 floret,
632 1124 714 1163 per
737 1124 900 1150 novem
926 1124 1067 1151 annos
1090 1111 1389 1164 frequentavi.
1431 1111 1554 1152 Vere
1578 1114 1681 1152 anni
1709 1126 1815 1163 1905

263 1182 532 1220 maturitatis
582 1182 886 1220 testimonium
941 1182 1132 1234 adeptus
1184 1182 1328 1222 almae
1377 1184 1532 1222 matris
1575 1181 1819 1235 Lipsiensis

263 1252 434 1291 civibus
466 1252 718 1303 adscriptus
757 1265 851 1291 sum
894 1258 942 1290 et
972 1252 1129 1291 studiis
1160 1254 1441 1304 potissimum
1475 1252 1714 1305 philologis
1746 1265 1818 1292 me

265 1322 426 1361 dedidi.
489 1321 753 1361 Docuerunt
791 1335 863 1361 me
901 1323 983 1362 viri
1021 1322 1299 1362 illustrissimi
1338 1323 1394 1362 de
1433 1322 1628 1372 Bahder,
1665 1322 1820 1372 Barth,

263 1391 428 1439 Bethe,
479 1391 833 1444 Brandenburg,
887 1392 1171 1445 Brugmann,
1222 1393 1436 1441 Dittrich,
1489 1391 1820 1442 Gardthausen,

266 1461 488 1515 Gregory,
521 1462 578 1501 M.
599 1461 771 1501 Heinze
792 1460 836 1518 †,
864 1462 919 1502 R.
940 1463 1124 1511 Heinze,
1153 1463 1267 1511 Hirt,
1296 1463 1571 1516 Hunzinger,
1597 1463 1819 1511 Immisch,

258 1533 530 1585 Jungmann,
555 1532 736 1580 Koster,
760 1531 947 1585 Lipsius,
971 1533 1163 1579 Martini,
1189 1533 1329 1581 Marx,
1354 1534 1547 1582 Merker,
1565 1532 1820 1580 Schreiber.

264 1602 441 1649 Schulz,
486 1602 683 1651 Sievers,
729 1602 1020 1649 Studniczka.
1061 1603 1263 1652 Volkelt‚
1304 1604 1593 1651 Witkowski,
1631 1603 1819 1652 Wundt‚

264 1673 481 1721 Zarncke,
531 1673 764 1712 Zimmern.
836 1673 1167 1713 Proseminario
1223 1674 1452 1726 philologo
1506 1674 1687 1713 interfui
1735 1673 1819 1713 Im-

265 1745 449 1783 mischio
495 1744 772 1783 moderante.
839 1743 1173 1796 Benignissime
1212 1744 1378 1792 Bethe‚
1416 1743 1604 1792 Heinze,
1644 1742 1818 1795 Lipsius

265 1815 307 1853 in
354 1816 638 1853 seminarium
690 1814 964 1866 philologum
1018 1828 1090 1854 me
1140 1820 1430 1867 receperunt,
1481 1815 1605 1854 cuius
1654 1813 1818 1853 sodalis

267 1884 512 1924 ordinarius
544 1897 626 1936 per
656 1886 741 1923 tria
772 1886 1010 1924 semestria
1040 1884 1113 1924 fui.
1164 1883 1410 1924 Praeterea
1443 1885 1501 1924 ad
1531 1885 1814 1924 seminarium

266 1955 630 2007 paedagogioum
684 1956 874 1994 comiter
926 1968 997 1994 me
1051 1955 1230 1994 admisit
1274 1955 1552 2007 Jungmann,
1609 1955 1664 1993 ad
1716 1967 1818 2006 pro-

266 2026 550 2064 seminarium
590 2026 899 2077 germanicum
941 2025 997 2064 de
1035 2024 1234 2072 Bahder,
1278 2024 1468 2072 Koster,
1512 2024 1710 2072 Sievers,
1761 2024 1814 2064 ad

267 2097 615 2134 exercitationes
632 2095 885 2147 philologas
903 2095 1095 2143 Martini,
1113 2096 1170 2134 ad
1189 2095 1558 2148 archaeologicas
1575 2093 1819 2135 Schreiber

267 2172 312 2205 et
345 2164 627 2212 Studniczka,
661 2167 717 2205 ad
749 2167 1036 2218 germanicas
1069 2165 1194 2205 Holz.
1255 2164 1427 2216 Quibus
1460 2166 1563 2205 viris
1595 2155 1817 2204 humanis-

266 2238 386 2275 simis
409 2249 467 2275 ex
490 2238 637 2275 animo
661 2238 831 2288 gratias
852 2249 940 2288 ago
963 2249 1112 2288 neque
1135 2237 1305 2276 habere
1327 2237 1550 2283 desinam
1573 2236 1817 2288 praecipue

267 2319 387 2352 vero,
409 2313 623 2358 quantum
652 2306 847 2346 Ricardo
871 2305 1055 2354 Hamae,
1079 2308 1153 2359 qui
1176 2320 1351 2346 summa
1373 2319 1472 2346 cum
1497 2305 1818 2346 benevolentia

270 2378 379 2415 meis
401 2376 556 2415 studiis
578 2376 700 2424 favit,
723 2377 928 2424 debeam,
950 2389 1132 2428 semper
1152 2377 1439 2416 recordabor.
1480 2376 1689 2428 Denique
1713 2388 1817 2415 con-

267 2447 547 2486 suetudinem
575 2448 815 2487 amicorum
841 2448 884 2486 in
908 2447 1053 2486 thiaso
1077 2446 1405 2499 philologorum
1428 2445 1647 2499 Lipsiensi
1669 2445 1817 2485 multis

270 2517 411 2555 modis
444 2517 547 2555 mihi
581 2517 849 2556 conduxisse
883 2517 1026 2556 laetus
1058 2515 1284 2569 profiteor.
