2222 3417
892 255 1212 293 „107-

278 362 485 413 Apparet
527 362 642 400 hanc
688 359 1026 399 collocationem
1068 360 1310 398 verborum
1351 360 1393 396 in
1433 359 1581 410 priore
1621 357 1830 409 exemplo

279 432 521 470 adhibitam
559 444 657 469 esse
692 431 747 468 ad
781 430 1126 481 trepidationem
1165 429 1519 480 exprimendam,
1552 429 1594 466 in
1619 427 1759 467 altero
1784 435 1832 466 ut

277 514 433 540 versus
479 502 535 540 ad
567 513 744 540 versum
785 499 1096 539 intercalarem
1133 504 1376 551 aptaretur.
1405 523 1455 526 —
1485 498 1567 537 His
1613 497 1831 549 exemplis

280 571 446 610 addere
481 571 612 610 velim
643 571 725 609 alia
755 571 985 609 enuntiata
1014 570 1181 617 similia,
1215 583 1331 621 quae
1362 581 1633 621 quamquam
1667 567 1831 607 causali

279 654 411 680 sensu
436 642 722 693 interpretari
745 653 991 693 possumus,
1025 653 1112 679 non
1144 646 1234 679 tam
1260 645 1386 679 certo
1411 640 1465 678 ad
1491 652 1669 678 causam
1696 639 1831 689 signi-

279 710 501 750 ficandam
517 713 758 763 pertinent,
773 712 853 750 sed
867 712 1015 763 potius
1031 711 1087 749 ad
1103 711 1373 749 sententiam
1390 723 1524 761 porro
1541 708 1832 747 efferendam.

278 781 462 819 Etiamsi
502 783 646 820 minus
685 787 1040 820 commemoratu
1082 781 1219 831 digna
1257 785 1378 826 sunt,
1416 785 1569 818 tamen
1604 792 1658 818 ea
1697 778 1829 817 nolim

279 853 662 902 praetermittere,
701 853 805 902 quia
837 852 953 889 inter
985 864 1038 888 ea
1071 850 1263 888 fortasse
1298 850 1521 902 quaedam
1556 855 1676 896 sunt,
1717 862 1831 900 quae

281 921 389 960 alius
422 923 462 960 in
500 921 716 973 exemplis
749 934 882 973 supra
917 921 1106 960 laudatis
1139 933 1375 959 numerare
1412 920 1549 959 malit:

312 1016 434 1052 2,53:
456 1004 616 1042 addam
648 1017 782 1043 cerea
809 1017 970 1055 pruna:
1002 1001 1005 1057 Ι
1035 1003 1177 1041 honos
1207 1004 1292 1041 erit
1319 1003 1420 1041 huic
1451 1015 1632 1053 quoque
1661 1014 1809 1052 pomo.

313 1086 405 1122 3,2:
455 1073 568 1119 Non,
595 1087 748 1112 verum
780 1074 1005 1124 Aegonis:
1037 1073 1040 1121 Ι
1100 1086 1243 1124 nuper
1269 1073 1374 1111 mihi
1402 1073 1585 1111 tradidit
1609 1072 1791 1123 Aegon.

312 1156 434 1193 3,49:
455 1143 710 1195 Numquam
731 1144 862 1182 hodie
879 1143 1087 1195 effugies:
1119 1141 1122 1195 Ι
1152 1144 1328 1182 veniam
1346 1156 1631 1194 quocumque
1648 1143 1832 1181 vocaris.

311 1216 406 1260 48:
458 1221 503 1252 tu
539 1214 672 1264 modo
706 1215 910 1253 nascenti
943 1227 1097 1265 puero,
1131 1227 1220 1265 quo
1254 1213 1403 1251 ferrea
1435 1214 1624 1264 primum

459 1284 635 1322 desinet
668 1297 719 1322 ac
752 1291 847 1323 toto
882 1290 1041 1335 surget
1072 1297 1188 1335 gens
1223 1297 1358 1322 aurea
1392 1284 1569 1330 mundo,

459 1361 583 1392 casta
616 1353 718 1392 fave
751 1354 938 1393 Lucina:
970 1354 974 1405 Ι
1003 1361 1104 1392 tuus
1137 1355 1221 1392 iam
1257 1360 1423 1405 regnat
1454 1353 1632 1405 Apollo.

312 1437 348 1472 4,
367 1426 436 1473 38:
457 1424 592 1463 cedet
625 1430 669 1462 et
702 1426 796 1476 ipse
830 1425 940 1463 mari
972 1431 1141 1470 vector,
1176 1437 1258 1463 nec
1293 1425 1472 1463 nautica
1504 1426 1633 1475 pinus

460 1496 651 1534 mutabit
685 1508 878 1534 merces:
910 1494 914 1546 Ι
944 1496 1087 1533 omnis
1120 1494 1237 1533 feret
1271 1496 1418 1532 omnia
1453 1493 1593 1532 telluS.

314 1577 349 1612 5,
367 1577 437 1613 52:
458 1564 669 1615 Daphnin
685 1565 741 1602 ad
755 1571 876 1603 astra
888 1565 1102 1603 feremus:
1130 1563 1131 1612 Ι
1154 1566 1320 1603 amavit
1332 1577 1413 1602 nos
1427 1577 1606 1615 quoque
1617 1561 1832 1615 Daphnis.

313 1636 437 1684 8,ol:
459 1634 538 1672 has
573 1635 673 1672 olim
709 1636 893 1673 exuvias
928 1635 1031 1672 mihi
1063 1633 1261 1686 perfidus
1295 1634 1363 1672 ille
1396 1634 1584 1686 reliquit,

459 1705 651 1754 pignora
684 1717 787 1742 cara
821 1706 897 1748 sui,
932 1718 1047 1756 quae
1082 1718 1198 1743 nunc
1233 1717 1320 1755 ego
1356 1704 1502 1742 limine
1534 1706 1576 1742 in
1612 1705 1718 1755 ipso,

462 1780 594 1821 terra,
628 1775 704 1812 tibi
741 1775 923 1819 mando;
955 1773 957 1826 Ι
989 1774 1161 1812 debent
1192 1775 1304 1813 haec
1337 1776 1537 1826 pignora*
1562 1774 1803 1824 Daphnim.

290 1846 408 1891 1o,8:
460 1857 547 1882 non
581 1846 782 1882 canimus
814 1844 968 1889 surdis,
998 1846 1002 1896 Ι
1030 1845 1310 1895 respondent
1344 1845 1491 1882 omnia
1525 1844 1673 1883 silvae.

290 1926 439 1963 10,75:
875 1913 989 1952 solet
1023 1927 1121 1951 esse
1155 1916 1307 1965 gravis
1341 1916 1629 1953 cantantibus
1665 1916 1832 1960 umbra,

460 1985 649 2035 iuniperi
680 1985 831 2034 gravis
864 1985 1042 2029 umbra;
1074 1984 1078 2034 Ι
1108 1990 1275 2022 nocent
1308 1991 1353 2022 et
1386 1984 1590 2035 frugibus
1626 1986 1832 2024 umbrae:

285 2077 478 2128 denique
513 2077 597 2115 hoc
632 2076 728 2116 loco
764 2077 943 2116 dubium
979 2078 1080 2116 mihi
1115 2078 1303 2123 videtur,
1337 2085 1483 2117 utrum
1519 2079 1722 2117 membro
1758 2079 1832 2117 ad-

284 2148 435 2186 iuncto
469 2146 757 2198 significetur,
791 2160 906 2198 quae
934 2149 990 2186 sit
1022 2161 1158 2187 causa
1184 2162 1331 2187 rerum
1361 2149 1743 2200 praecedentium,
1778 2162 1831 2187 an

286 2218 391 2268 quid
424 2230 482 2254 ex
515 2217 734 2267 exemplis
767 2224 1089 2268 cognoscatur:

317 2301 439 2347 2‚()3:
496 2304 626 2337 torva
659 2298 818 2337 leaena
850 2299 999 2350 lupum
1035 2301 1248 2350 sequitur,
1281 2299 1409 2350 lupus
1442 2302 1536 2351 ipse
1571 2300 1802 2351 capellam,

496 2367 730 2406 florentem
768 2371 957 2420 cytisum
993 2371 1195 2421 sequitur
1228 2369 1390 2408 lasciva
1426 2370 1609 2421 capella,

495 2445 542 2476 te
566 2437 788 2489 Corydon,
822 2452 846 2477 o
869 2439 1022 2477 Alexi:
1054 2438 1057 2492 Ι
1087 2440 1223 2477 trahit
1251 2453 1330 2477 sua
1359 2453 1585 2491 quemque
1615 2440 1832 2490 voluptas.

285 2531 469 2570 Etiamsi
497 2531 610 2570 haec
641 2531 850 2583 exempla
878 2537 1109 2583 postremo
1142 2534 1366 2584 exscripta
1393 2533 1675 2584 negligimus,
1709 2540 1832 2572 certo

287 2602 577 2653 cognoscitur
616 2614 671 2639 ea
711 2602 868 2640 brevia
906 2603 1135 2640 enuntiata
1170 2604 1379 2650 primaria
1420 2603 1545 2641 alteri
1578 2604 1832 2640 sententiae

267 2670 420 2710 'sensu
454 2671 616 2709 causali
651 2672 872 2718 adiuncta,
905 2684 1002 2710 cum
1033 2673 1227 2710 sermoni
1255 2672 1439 2722 simplici
1474 2673 1702 2723 aptissima
1735 2673 1833 2718 sint,

288 2743 330 2780 in
355 2741 574 2780 Bucolicis
596 2740 783 2792 Vergilii
811 2755 892 2793 pro
922 2748 1021 2780 rata
1049 2748 1178 2793 parte
1202 2755 1338 2793 saepe
1363 2743 1560 2780 inveniri.
1611 2741 1832 2793 Pleraque

289 2811 498 2862 exempla
528 2818 768 2850 occurrunt
797 2813 838 2850 in
863 2812 1093 2863 colloquiis
1116 2819 1163 2850 et
1186 2814 1370 2850 canticis
1394 2825 1698 2862 personarum.
1732 2824 1830 2850 cum

290 2894 438 2920 earum
476 2894 623 2920 sermo
657 2883 870 2933 imprimis
899 2884 1045 2920 tenuis
1075 2895 1126 2920 ac
1158 2883 1282 2921 vivus
1313 2895 1411 2920 esse
1443 2882 1628 2925 debeat:
1664 2887 1709 2919 at
1743 2894 1828 2919 non
