2222 3417
902 309 1190 347 ,71-

273 412 536 465 Exemplum
592 418 840 452 memoratu
895 413 1222 464 dignissimum:
1270 415 1324 453 id.
1360 417 1540 466 16,3sq.
1594 421 1662 453 est
1708 415 1818 454 illius

270 484 504 534 prooemii,
549 485 589 522 in
644 496 731 534 quo
783 489 963 535 poetam
1012 485 1318 534 symmetriam
1367 486 1638 536 appetivisse
1684 491 1819 524 antea

270 554 478 599 vidimus;
514 554 675 592 deinde
709 555 750 592 in
785 554 840 593 id.
869 556 1074 606 16,3osq.
1110 560 1299 606 utroque
1334 556 1537 593 membro
1571 555 1687 594 idem
1722 555 1817 594 fere

270 622 465 667 effertur,
499 625 620 675 quod
643 625 856 675 imprimis
880 624 1046 663 altioris
1070 625 1155 662 stili
1178 638 1278 663 esse
1302 626 1479 676 saepius
1503 627 1816 675 cognovimus:

271 693 465 745 denique
488 695 530 732 in
556 694 610 732 id.
639 706 700 744 17,
717 707 846 745 3osq.
869 700 1051 745 praeter
1073 696 1339 746 pronomina
1363 695 1629 733 correlativa
1643 701 1817 734 tantum

269 763 472 813 singulae
508 765 714 802 notiones
754 765 837 803 sibi
868 765 1166 815 respondent,
1202 771 1248 803 ut
1285 778 1423 815 saepe
1463 766 1504 802 in
1544 765 1643 803 stilo
1678 767 1818 816 epico.

269 832 448 871 Afferat
487 833 642 885 aliquis
682 834 873 873 fortasse
915 836 1048 873 etiam
1083 835 1164 873 hos
1198 848 1372 873 versus:
1413 835 1467 873 id.
1496 837 1711 887 17,26sq.‚
1746 836 1817 874 ubi

268 916 376 942 vero
410 917 565 942 versus
597 905 770 943 ratione
804 906 1056 955 syntactica
1080 906 1223 943 minus
1257 906 1338 943 sibi
1361 905 1650 956 respondent,
1686 918 1816 957 quam

270 979 317 1011 ut
360 974 453 1012 iure
488 975 557 1013 hic
591 976 843 1013 enumerari
876 976 1061 1026 possint.
1084 975 1209 1013 —In
1250 974 1329 1013 illis
1369 976 1510 1013 tribus
1543 975 1724 1026 epylliis,
1764 976 1818 1014 id.

274 1056 334 1091 13,
354 1056 500 1092 22‚24,
532 1044 645 1082 tales
678 1058 834 1083 versus
866 1044 1062 1095 paralleli
1096 1044 1192 1083 fere
1230 1046 1409 1083 omnino
1444 1045 1617 1091 desunt,
1652 1059 1740 1096 qua
1771 1059 1818 1084 re

268 1114 385 1151 bene
420 1114 757 1152 demonstratur
790 1128 868 1152 eos
902 1115 1001 1152 stilo
1036 1116 1164 1165 epico
1199 1114 1337 1152 multo
1373 1116 1516 1152 minus
1549 1121 1679 1166 aptos
1709 1128 1818 1154 esse.

267 1182 316 1221 In
350 1183 499 1235 idyllio
530 1197 592 1233 13.
627 1184 669 1222 hi
701 1197 858 1223 versus
891 1185 1197 1235 symmetriam
1243 1186 1335 1223 eius
1367 1186 1567 1235 generis,
1613 1187 1697 1223 etsi
1730 1199 1818 1224 non

268 1254 625 1304 insignissimam,
659 1256 899 1305 praebent:

273 1347 340 1382 14:
480 1336 540 1379 ὡς
572 1337 685 1388 αὐτῷ
718 1336 820 1376 κατὰ
854 1336 996 1388 θυμὸν
1029 1337 1051 1375 ὁ
1083 1341 1179 1380 παῖς
1209 1338 1497 1388 πεποναμένος
1529 1338 1601 1388 εἴη,

479 1406 593 1457 αὖῖῷ
626 1406 661 1445 δ’
687 1406 731 1445 εὗ
765 1407 899 1445 ἕλκων
930 1407 971 1450 ἐς
1003 1406 1204 1446 ἀλαθινὸν
1237 1406 1353 1457 ἄνδρ’
1382 1407 1577 1458 ἀποβαίη,

269 1511 455 1550 quorum
491 1512 697 1538 versuum
736 1499 848 1538 alter
880 1500 1136 1551 corruptela
1176 1513 1264 1538 non
1305 1513 1472 1538 vacuus
1506 1514 1605 1538 esse
1632 1501 1820 1539 videtur.

266 1568 314 1607 In
346 1569 504 1621 idylliis
525 1583 590 1609 22.
614 1576 658 1608 et
683 1583 748 1618 24.
771 1569 935 1608 nullum
962 1570 1217 1621 exemplum
1247 1571 1487 1615 invenitur;
1516 1576 1561 1608 at
1593 1571 1663 1609 hic
1688 1570 1820 1617 locus,

269 1641 442 1677 etiamsi
476 1653 565 1678 non
612 1641 653 1678 in
701 1640 780 1678 illis
814 1640 1032 1691 exemplis
1072 1641 1362 1691 symmetriae
1403 1640 1705 1690 numerandus
1739 1647 1818 1687 est,

267 1716 419 1748 tamen
455 1710 511 1747 ad
545 1723 623 1748 eos
655 1723 797 1761 prope
832 1711 1026 1748 accedit:

269 1804 333 1839 24,
352 1803 392 1840 7:
478 1791 604 1831 εὕδετ’
630 1791 708 1842 ἐμὰ
741 1792 900 1843 βρέφεα
934 1791 1135 1842 γλυκερὸν
1166 1791 1235 1830 καὶ
1267 1792 1483 1843 ἔγέρσιμον
1518 1792 1657 1835 ὕπνον,

479 1861 604 1901 εἱῗὸετ’
630 1861 708 1913 ἐμὰ
741 1862 869 1913 ψυχά,
904 1861 966 1900 δύ’
992 1861 1196 1913 ἀδελφεοί,
1230 1862 1356 1901 εὔσοα
1388 1862 1521 1906 τέκνα,

269 1955 334 1992 his
369 1961 517 1993 autem
543 1955 758 2000 versibus,
791 1956 905 1993 sicut
929 1955 1137 2005 exemplo
1162 1955 1552 1993 hemistichiorum,
1569 1954 1816 2004 aequalium

267 2025 308 2062 in
348 2038 479 2063 versu
521 2038 563 2074 9,
609 2025 730 2076 quod
775 2024 913 2063 solum
959 2026 1000 2062 in
1043 2030 1139 2063 toto
1179 2030 1392 2075 poemate
1430 2025 1670 2068 invenitur,
1715 2037 1818 2062 con-

268 2093 468 2132 firmatur
500 2095 634 2133 talem
669 2096 977 2145 symmetriam
1015 2095 1069 2132 ad
1103 2107 1249 2145 genus
1284 2094 1461 2133 dicendi
1494 2107 1630 2131 suave
1665 2100 1711 2131 et
1743 2107 1820 2144 po-

267 2164 421 2215 pulare
455 2166 696 2215 pertinere.

385 2234 549 2274 Adhuc
573 2236 869 2286 cognovimus
894 2235 1103 2286 exempla
1127 2248 1331 2273 versuum
1359 2234 1683 2285 parallelorum,
1707 2234 1819 2271 sicut

268 2305 318 2342 iis
340 2304 527 2355 eclogae
541 2304 728 2355 Vergilii
749 2306 893 2355 magis
915 2305 1148 2343 abundant
1169 2318 1302 2355 quam
1326 2304 1423 2342 libri
1445 2305 1570 2354 epici,
1594 2305 1633 2341 in
1658 2304 1819 2341 ceteris

268 2375 538 2412 carminibus
583 2374 810 2413 Theocriti
854 2376 993 2413 rarius
1039 2376 1225 2413 inveniri
1271 2387 1322 2412 ac
1368 2374 1631 2424 plerumque
1678 2373 1819 2410 minus

269 2443 388 2482 clara
406 2457 505 2482 esse
525 2457 656 2495 quam
678 2445 718 2482 in
738 2444 964 2483 bucolicis.
1003 2444 1223 2496 Imprimis
1243 2444 1311 2482 illa
1330 2444 1594 2495 symmetria
1609 2448 1821 2493 quattuor

269 2515 570 2552 membrorum
597 2516 638 2552 in
665 2515 838 2552 duobus
858 2515 1061 2552 versibus
1086 2514 1402 2552 collocatorum
1430 2526 1517 2550 non
1544 2513 1819 2554 observatur,

269 2584 383 2621 sicut
417 2583 625 2635 exempla
657 2585 698 2622 in
725 2583 909 2634 Vergilii
945 2585 1216 2622 carminibus
1256 2584 1392 2634 epicis
1425 2584 1500 2621 vix
1534 2578 1818 2628 occurrunt.¹)

269 2652 372 2691 Tria
393 2655 596 2692 membra
618 2660 765 2692 autem
790 2655 831 2691 in
855 2654 1027 2692 duobus
1050 2655 1251 2693 Versibus
1272 2654 1523 2704 composita
1544 2665 1632 2690 non
1657 2651 1819 2688 desunt

388 2768 412 2810 ¹)
442 2768 520 2800 Hoc
538 2769 718 2811 proprium
738 2778 823 2800 esse
841 2768 987 2810 generis
1007 2768 1163 2800 bucolici
1185 2768 1292 2799 etiam
1315 2778 1362 2799 ex
1383 2777 1429 2799 eo
1451 2765 1695 2807 cognoscitur,
1723 2763 1821 2806 quod

269 2826 304 2858 in
324 2827 480 2859 carmine
500 2827 668 2858 bucolico
686 2827 811 2859 Bionis
831 2827 1028 2858 adhibitum
1049 2830 1116 2864 est,
1139 2826 1181 2858 cf.
1199 2825 1236 2858 fr.
1253 2832 1284 2865 0,
1301 2836 1382 2867 7sq.
1400 2824 1652 2867 (VVilamowitz
1671 2834 1704 2865 p.
1726 2822 1803 2864 141)

551 2884 596 2922 (ὃς
623 2878 730 2929 εὗρε-ν
758 2886 980 2929 πλαγίαυλον
1007 2884 1023 2917 ὁ
1053 2881 1143 2920 Ila'u,
1170 2883 1215 2921 (ὃς
1241 2882 1351 2917 αὐλὸν
1377 2881 1522 2917 Ἀθάνα,

550 2942 598 2982 (ὃς
619 2943 728 2988 χέλυν
752 2941 926 2989 εΕρμτὶωιι,
955 2945 1103 2987 κίθαριν
1128 2941 1174 2979 ὥς
1200 2939 1286 2978 ἁδὺς
1311 2939 1494 2974 Ἀπόλλιιιν.
