2222 3417
949 249 1270 276 —122—

333 349 458 397 8,37:
486 347 708 400 Saepibus
740 351 782 388 in
818 353 981 391 nostris
1014 366 1197 404 parvam
1233 361 1279 393 te
1312 358 1488 397 roscida
1521 360 1638 398 mala

483 419 588 467 (dux
622 432 710 471 ego
744 427 897 460 vester
929 425 1068 472 eram)
1101 425 1207 463 vidi
1241 438 1339 465 cum
1376 434 1519 467 matre
1553 430 1795 482 legentem.

483 489 596 528 alter
629 491 684 528 ab
722 492 958 532 undecimo
993 499 1085 533 tum
1121 508 1192 534 me
1226 498 1310 535 iam
1347 507 1589 550 acceperat
1622 515 1775 549 annus,

483 560 566 598 iam
603 560 788 612 fragiles
821 569 1026 614 poteram
1063 578 1087 603 a
1120 573 1241 605 terra
1273 569 1541 620 contingere
1573 584 1733 611 ramos

483 636 529 667 ut
561 631 685 677 vidi,
720 638 768 670 ut
800 634 922 683 perii,
957 641 1003 672 ut
1036 648 1108 673 me
1143 637 1285 676 malus
1318 639 1501 678 abstulit
1533 642 1703 691 error.¹>

326 709 408 748 His
432 710 538 749 locis
563 712 748 752 dixerim
770 713 1031 766 Vergilium,
1054 717 1098 755 id
1122 719 1242 769 quod
1259 718 1568 767 VVilamowitz,
1598 722 1622 762 l.
1638 723 1659 762 1.
1674 736 1779 775 pag.
1799 738 1876 775 139

326 780 425 819 adn.
447 793 459 818 1
483 782 538 820 de
555 781 798 823 Theocrito
818 787 1027 837 exemplo
1047 788 1185 828 multo
1206 790 1383 840 quidem
1406 792 1648 842 insigniore
1670 796 1878 839 ostendit,

324 853 573 890 sententias
619 855 744 904 quasi
790 857 976 905 periodo
1013 860 1286 909 compositas
1326 862 1473 900 animo
1510 865 1773 915 concepisse
1814 870 1877 902 at-

325 934 410 971 que
437 921 598 960 deinde
632 924 842 975 simplicis
874 929 1057 977 generis
1091 929 1267 967 dicendi
1291 942 1428 969 causa
1451 934 1692 970 enuntiatis
1716 933 1873 972 eodem

324 991 481 1029 ordine
516 994 766 1033 coniunctis
799 996 1024 1036 extulisse.

437 1202 610 1245 Sedut
643 1218 862 1244 summam
898 1209 1112 1254 omnium,
1155 1222 1270 1260 quae
1304 1213 1510 1262 exposui,
1549 1211 1729 1259 faciam,
1764 1212 1874 1252 Ver-

320 1273 470 1324 gilium
508 1276 547 1313 in
583 1274 804 1315 Bucolicis
838 1277 937 1316 stilo
973 1279 1188 1330 quodam,
1224 1281 1346 1332 quia
1369 1294 1577 1321 sermone
1613 1284 1740 1334 epico
1773 1296 1872 1334 per-

317 1346 470 1395 spicue
505 1344 664 1393 differt,
698 1360 822 1385 usum
859 1361 958 1386 esse
993 1362 1050 1387 ex
1084 1350 1133 1387 iis
1167 1352 1481 1401 cognovimus,
1516 1365 1631 1404 quae
1666 1353 1720 1391 de
1754 1366 1871 1405 syn]-

319 1417 478 1453 metria
512 1416 891 1456 hemistichiorum
929 1425 975 1456 et
1007 1433 1215 1458 versuum
1250 1422 1292 1459 in
1318 1420 1538 1461 Bucolicis
1567 1425 1781 1475 appetita,
1816 1424 1871 1462 de

317 1487 447 1523 variis
482 1485 635 1537 figuris
669 1489 986 1538 repetitionum
1025 1489 1215 1529 libenter
1239 1491 1459 1537 adhibitis,
1494 1493 1548 1531 de
1573 1494 1719 1531 studio
1743 1505 1870 1544 para-

317 1557 433 1594 taxis
468 1557 818 1596 observavimus.
872 1558 1012 1606 Haec,
1046 1561 1219 1599 etiamsi
1253 1569 1493 1612 praeterea
1522 1575 1701 1614 quoque
1735 1576 1869 1614 quae-

317 1626 416 1664 dam
454 1626 549 1665 fore
583 1626 742 1674 fateor,
778 1629 938 1679 quibus
971 1642 1118 1680 genus
1152 1631 1329 1669 dicendi
1364 1632 1613 1671 bucolicum
1648 1633 1703 1670 ab
1739 1633 1866 1683 epico
1887 1621 1898 1633 X

318 1696 631 1747 distinguatur,
665 1699 910 1749 insigniora
943 1712 1042 1737 esse
1078 1701 1181 1738 mihi
1206 1701 1424 1740 videntur.
1459 1701 1662 1740 Vidimus
1686 1714 1866 1754 quoque

317 1767 489 1812 eadem,
524 1781 638 1818 quae
663 1770 881 1807 sermonis
906 1769 1162 1820 eclogarum
1195 1784 1304 1822 prae
1328 1773 1491 1810 ceteris
1521 1773 1731 1823 operibus
1756 1770 1866 1810 Ver-

313 1837 403 1887 gilii
437 1839 618 1889 propria
650 1844 771 1881 sunt,
810 1839 1074 1891 plerumque
1116 1841 1301 1878 inveniri
1334 1841 1600 1892 frequenter
1632 1843 1673 1880 in
1709 1842 1866 1894 idylliis

313 1907 525 1946 bucolicis
558 1908 786 1947 Theocriti
823 1910 1007 1960 eiusque
1043 1911 1315 1949 imitatorum
1352 1909 1647 1958 Graecorum,
1687 1925 1787 1950 cum
1822 1913 1862 1950 in

313 1979 584 2017 carminibus
631 1978 809 2030 reliquis
855 1993 1006 2018 eorum
1057 1980 1194 2019 multo
1242 1982 1409 2019 rariora
1454 1983 1554 2020 sint.
1623 1980 1861 2032 Cognitum

313 2049 448 2099 igitur
481 2055 550 2087 est
576 2048 842 2100 Vergilium,
882 2063 1014 2102 quem
1051 2051 1197 2089 studio
1232 2050 1459 2090 Theocriti
1493 2052 1693 2090 deditum
1729 2051 1863 2090 fuisse

312 2119 428 2156 inter
462 2132 617 2157 omncs
652 2126 841 2164 constat,
876 2121 987 2165 huic,
1024 2128 1069 2158 ut
1103 2121 1263 2159 multas
1296 2135 1367 2159 res
1402 2122 1664 2168 narranda&
1698 2123 1758 2160 ita
1793 2121 1863 2160 illa

312 2187 497 2227 artificia
531 2189 707 2228 dicendi
742 2191 956 2241 imprimis
981 2190 1201 2229 Bucolicis
1234 2198 1339 2242 apta
1369 2191 1550 2229 debere.
1604 2188 1731 2240 Quae
1755 2204 1862 2229 vero

312 2261 450 2297 rarius
475 2261 513 2297 in
543 2273 664 2298 usum
692 2273 815 2298 suum
844 2261 900 2298 ita
928 2262 1163 2306 convertit,
1199 2268 1245 2299 ut
1268 2267 1438 2300 certum
1465 2261 1689 2312 quendum
1717 2261 1858 2300 locum

310 2328 627 2368 Theocriteum
665 2331 911 2368 imitatione
947 2332 1234 2381 exprimeret,
1267 2333 1446 2381 saepius
1480 2338 1628 2370 autem
1660 2331 1863 2369 adhibuit

312 2399 428 2445 locis,
462 2402 534 2451 qui
567 2413 654 2439 non
687 2413 785 2439 cum
815 2400 898 2439 ullo
924 2401 1021 2439 loco
1046 2400 1272 2439 Theocriti
1298 2400 1455 2439 eadem
1482 2401 1677 2439 dictione
1703 2406 1860 2439 ornato

311 2469 366 2507 ‹le
414 2472 639 2508 sententia
681 2478 956 2521 congruunt:
1004 2472 1296 2522 quamobrem
1342 2471 1599 2521 negandum
1644 2476 1712 2508 est
1751 2469 1861 2509 Ver-

310 2539 460 2589 gilium
519 2540 651 2578 modo
706 2541 1002 2579 elocutionem
1053 2541 1326 2592 singulorum
1384 2541 1576 2579 locorum
1634 2540 1862 2591 pueriliter

311 2611 526 2648 imitatum
575 2624 693 2657 esse,
738 2611 816 2649 sed
863 2613 1126 2662 praedicare
1173 2624 1409 2662 possumus
1456 2612 1494 2649 in
1536 2624 1590 2649 eo
1631 2611 1753 2662 quasi
1797 2611 1858 2648 in-

429 2715 452 2755 ¹)
484 2715 620 2746 Versus
649 2718 701 2756 38.
722 2719 759 2747 et
778 2725 831 2754 4¹-
853 2716 1031 2747 artissime
1059 2716 1240 2747 sententia
1267 2724 1432 2747 conexos
1450 2725 1534 2747 esse
1554 2718 1654 2747 recte
1674 2714 1859 2745 admonuit

311 2772 347 2803 P.
371 2773 447 2813 jah
459 2784 497 2811 n,
525 2773 582 2815 qui
613 2774 644 2804 in
672 2774 742 2805 hoc
770 2774 908 2805 libello:
939 2773 1005 2805 Dic
1026 2775 1091 2806 Art
1110 2774 1175 2806 der
1194 2773 1467 2815 Abhfingigkeit
1486 2772 1628 2813 Vergils
1647 2783 1718 2805 von
1738 2772 1858 2804 Theo-

310 2831 388 2869 krit,
410 2831 658 2873 Fortsetznng,
683 2831 800 2864 Berlin
823 2835 918 2871 1898.
935 2843 1015 2874 pag.
1035 2841 1086 2864 22.
1103 2832 1278 2864 audacius
1297 2833 1442 2874 quidem
1459 2831 1646 2863 contendit
1662 2831 1856 2871 Vergilium

310 2891 376 2922 hos
405 2899 533 2921 versus
562 2900 665 2932 3qsq.
694 2896 823 2933 postea
850 2891 995 2922 domum
1025 2891 1212 2922 contextui
1241 2892 1433 2922 verborum
1463 2890 1668 2922 inseruisse.

462 3033 483 3043 ,μ
