2222 3417
909 274 1220 312 -117-

293 396 446 422 versus
481 382 547 421 ed.
579 382 635 420 A.
668 381 833 427 Rzach,
865 379 1041 431 Lipsiae
1077 392 1195 428 1902,
1231 391 1325 427 352,
1358 380 1459 428 369:
1496 380 1590 426 603,
1620 380 1715 426 (394,
1749 389 1843 426 752,

297 456 389 503 756,
417 464 508 503 759·
536 464 635 502 799:
674 464 766 500 313,
793 462 1005 501 377157Q
1032 461 1124 499 745,
1151 462 1251 500 793³
1290 462 1382 499 750·
1432 447 1712 499 Qlfflmquam
1739 447 1845 486 talia

292 524 524 561 enuntiata
560 536 647 561 non
687 523 865 560 omnino
901 521 1064 559 desunt
1104 520 1221 571 apud
1259 519 1518 565 Homerum,
1551 524 1703 556 tamen
1745 530 1844 555 nus-

296 606 427 644 quam
475 599 563 630 tam
612 593 772 631 crebro
818 592 1102 630 inveniantur
1147 603 1279 641 quam
1321 591 1363 628 in
1405 590 1470 627 his
1509 589 1711 640 partibus
1750 601 1843 626 001-

292 664 419 701 minis
459 662 657 701 Hesiodi.
724 662 771 701 ln
814 663 915 707 hoc,
961 663 1073 700 sicut
1120 663 1161 699 in
1203 662 1329 712 poesi
1367 659 1586 704 bucolica,
1632 658 1843 697 nonnulla

291 733 447 771 horum
490 734 822 771 enuntiatorum
859 746 882 771 e
916 733 1165 784 proverbiis
1205 730 1390 771 Graecis
1429 729 1672 773 fluxerunt,
1722 730 1842 779 quod

295 802 345 840 H.
369 801 547 840 Usener
570 804 610 840 in
636 803 720 841 hoc
745 802 874 842 libro:
910 802 1299 853 Altgriechischer
1315 799 1534 846 Versbau‚
1562 798 1689 837 Boni]
1723 801 1841 849 1887,

289 885 428 923 pagg.
452 875 618 921 48—51
660 873 829 918 docuit;
875 878 1028 911 cetera
1069 878 1238 917 autem,
1286 884 1401 922 quae
1441 871 1671 922 paroemia
1705 869 1841 907 fuisse

290 955 378 981 non
412 949 613 993 possunt,
646 944 759 982 sicut
792 944 905 982 haec
939 942 1160 981 collocata
1193 956 1291 980 esse
1327 941 1474 980 credo.

354 1104 381 1158 5
415 1104 455 1146 3.
519 1105 584 1146 De
619 1105 819 1156 singulis
853 1105 1131 1156 quibusdam
1164 1105 1412 1146 sententiis
1445 1103 1776 1145 Bucolicorum

793 1176 1014 1228 parataxi
1047 1175 1331 1227 compositis.

408 1268 625 1320 Quoniam
662 1271 773 1309 haec
808 1271 894 1309 duo
929 1283 1101 1321 genera
1130 1270 1498 1308 coordinationis:
1533 1268 1840 1307 similitudines

290 1341 568 1391 paratactica
601 1342 774 1379 ratione
809 1340 1085 1392 significatas
1119 1345 1165 1378 et
1193 1341 1349 1378 brevia
1382 1340 1612 1377 enuntiata
1647 1338 1840 1376 causalia

288 1411 494 1461 parataxi
528 1410 749 1457 adiuncta,
782 1412 823 1448 111
856 1410 1077 1448 Bucolicis
1101 1408 1301 1460 Vergilii,
1334 1411 1447 1448 sicut
1470 1411 1509 1447 in
1536 1408 1722 1448 Graecis
1746 1421 1839 1447 car—

289 1481 480 1518 minibus
511 1481 709 1519 eiusdem
742 1481 936 1532 generis,
970 1482 1114 1531 magis
1139 1481 1339 1531 appetita
1365 1493 1463 1517 0330
1489 1493 1620 1530 quam
1647 1480 1688 1517 in
1714 1480 1836 1529 poesi

288 1551 416 1601 epica
456 1551 811 1589 demonstratum
853 1558 938 1597 est,
986 1552 1289 1602 quaerendum
1334 1556 1429 1598 est„
1458 1550 1712 1587 studiumne
1754 1549 1829 1587 110(

287 1621 517 1671 parataxis
557 1620 656 1659 stilo
696 1621 900 1659 bucolico
942 1628 1093 1671 aptum
1135 1622 1177 1658 in
1224 1620 1316 1657 aliis
1362 1632 1542 1670 quoque
1588 1620 1722 1657 rebus
1763 1620 1838 1657 ob—

286 1696 502 1728 servetur.
564 1689 747 1741 Reapse
795 1691 963 1742 aliquot
1009 1691 1092 1729 loci
1132 1692 1172 1728 in
1216 1691 1282 1728 1113
1328 1690 1497 1739 eclogis
1542 1691 1836 1735 inveniuntur,

287 1761 446 1810 quibus
491 1760 750 1810 simplicitas
796 1761 1034 1798 notabilior
1080 1761 1291 1798 membris
1332 1760 1489 1797 eodem
1533 1760 1686 1798 ordine
1734 1772 1837 1797 0011-

285 1830 445 1868 iunctis
485 1829 647 1868 effecta
687 1831 753 1868 sit.
816 1829 879 1868 Ut
918 1831 1002 1868 hoc
1043 1830 1329 1868 manifestum
1370 1828 1463 1876 fiat,
1509 1831 1550 1867 in
1591 1830 1674 1868 hac
1708 1842 1835 1880 para-

284 1900 460 1950 grapho
500 1899 724 1950 proferam
768 1913 821 1937 00
868 1899 1076 1950 exempla
1116 1901 1344 1951 parataxis
1388 1901 1582 1938 nondum
1631 1905 1835 1945 tractata,

285 1982 401 2020 quae
446 1971 692 2021 insigniora
738 1970 842 2008 mihi
882 1970 1059 2021 quidem
1101 1971 1195 2008 visa
1234 1975 1354 2014 sunt;
1403 1983 1517 2021 quae
1563 1983 1688 2015 vero,
1734 1983 1832 2008 cum

284 2039 462 2089 singula
493 2053 711 2090 generum
748 2041 876 2078 nimis
908 2041 1129 2079 variorum
1165 2041 1270 2087 sint,
1308 2053 1390 2091 per
1429 2040 1563 2078 libros
1603 2042 1753 2091 epicos
1790 2048 1835 2078 et

284 2110 483 2147 carmina
516 2107 694 2149 Graeca
725 2112 937 2161 persequi
972 2111 1132 2149 destiti.
1195 2108 1287 2149 Sed
1321 2111 1432 2149 haec
1467 2112 1743 2161 comparatio
1779 2112 1834 2149 ad

283 2180 534 2230 parataxim
575 2186 699 2218 recte
739 2180 1077 2231 intelligendam
1121 2182 1263 2219 minus
1304 2182 1557 2219 necessaria
1597 2188 1665 2219 est
1698 2194 1831 2232 quam

284 2249 340 2286 ad
372 2262 444 2287 res
482 2250 524 2286 in
565 2250 869 2299 superioribus
908 2251 1128 2300 capitibus
1168 2257 1402 2296 tractatas,
1444 2252 1603 2302 quibus
1642 2251 1833 2303 ἀφέλειαν

283 2317 398 2357 effici
431 2320 574 2357 minus
606 2332 688 2370 per
721 2332 768 2357 se
802 2319 1088 2358 manifestum
1124 2326 1203 2359 est.

400 2388 592 2427 Primum
619 2390 689 2428 hic
713 2389 873 2427 afferre
897 2390 1024 2428 velim
1053 2392 1208 2429 brevia
1232 2393 1464 2429 enuntiata
1490 2393 1699 2442 primaria
1731 2393 1831 2429 sim-

282 2458 480 2509 plicitate
521 2460 715 2509 quadam
757 2460 996 2498 maioribus
1035 2462 1270 2499 sententiis
1310 2462 1498 2508 adnexa,
1538 2474 1653 2513 quae
1695 2475 1831 2500 enun-

281 2529 400 2566 tiatis
428 2529 470 2566 in
501 2529 788 2579 paragrapho
819 2530 1023 2580 proxima
1046 2532 1251 2569 tractatis
1280 2531 1433 2569 similia
1457 2538 1571 2577 sunt,
1605 2533 1687 2570 nisi
1711 2532 1830 2583 quod

280 2599 330 2636 iis
370 2611 457 2636 non
504 2611 639 2636 causa
678 2598 881 2643 &fertum
928 2599 993 2637 his
1033 2600 1139 2638 locis
1185 2603 1287 2639 item
1336 2608 1517 2652 poetam
1566 2602 1827 2652 hypotaxim

280 2667 543 2719 plerumque
588 2668 890 2719 praelaturum
938 2669 1072 2707 fuisse
1119 2671 1327 2717 arbitror,
1373 2672 1454 2709 nisi
1498 2671 1826 2722 simplicitatem

281 2726 365 2775 stili
398 2744 579 2776 secutus
613 2745 744 2778 esset.
807 2738 870 2778 Cf.
904 2740 984 2778 hos
1017 2753 1191 2779 versus:

312 2843 347 2879 3,
369 2843 463 2869 102:
493 2831 572 2869 His
596 2838 718 2870 certe
744 2845 891 2884 neque
916 2847 1041 2871 amor
1063 2846 1198 2871 causa
1221 2840 1306 2871 est:
1332 2836 1407 2872 vix
1431 2836 1604 2873 ossibus
1627 2835 1827 2873 haerent.

491 2902 642 2940 nescio
677 2903 774 2953 quis
808 2909 989 2941 teneros
1024 2903 1175 2942 oculus
1209 2904 1313 2942 mihi
1346 2903 1536 2942 fascinat
1569 2917 1723 2955 agnos.
