2222 3417
896 260 1216 295 —115—

316 381 356 416 3:
457 366 516 419 μὴ
549 368 698 417 καυχῶ
731 365 959 416 σατυρίσκε,
989 361 993 418 Ι
1021 362 1143 403 κενὸν
1174 362 1218 403 τὸ
1251 363 1412 414 φίλαμα
1444 362 1642 414 λέγουσιν.

287 450 356 487 29:
461 436 622 477 ὠδίνειν
653 436 837 487 τρομέω·
867 433 872 487 Ι
899 433 1080 486 χαλεπὸν
1111 433 1230 485 βέλος
1262 432 1504 485 Εἰληθυίης.

285 521 356 556 41:
461 507 624 559 οὔνομα
658 505 732 546 σὸν
763 505 852 557 λέγε
882 509 996 557 τῆνο·
1027 502 1030 558 Ι
1059 504 1129 544 καὶ
1161 504 1324 555 οἷ’ννομα
1355 502 1528 542 πολλάκι
1561 503 1706 555 τέρπει.

285 589 360 627 47:
464 578 574 628 αἶγες
606 577 700 628 ἐμαὶ
731 575 950 628 βόσκεσθε,
979 575 984 627 Ι
1012 574 1058 614 τὰ
1090 574 1288 627 βουκόλω
1322 575 1421 625 ἔργα
1454 574 1608 625 νοήσω.

317 650 361 687 8;
464 646 522 699 μὴ
556 650 724 699 καυχῶ·
756 647 859 698 τάχα
893 646 971 697 γάρ
1004 661 1048 685 σε
1078 645 1325 696 παρέρχεται
1357 644 1417 688 ὡς
1450 644 1554 695 ὄναρ
1586 644 1680 696 ἥβη.

290 730 357 756 12:
463 717 540 757 οὐκ
574 717 726 757 ἐθέλω·
760 717 830 756 καὶ
860 717 955 768 πρίν
986 732 1039 768 με
1069 716 1322 767 παρήπαφες
1354 714 1447 753 ἁδέϊ
1474 714 1616 766 μύθῳ.

287 799 357 837 57:
459 788 583 839 μίμνε
613 787 753 826 τάλαν·
785 788 890 839 τάχα
921 787 978 831 τίς
1008 802 1068 826 τοι
1100 787 1327 837 ἐπέρχεται·
1361 783 1465 835 ἦχον
1497 784 1656 823 ἀκούω.

286 869 447 920 quibus
480 869 699 920 exemplis
733 874 1001 908 cunctanter
1034 868 1116 906 hos
1147 880 1303 906 versus
1337 867 1475 906 addo:

292 964 358 999 14:
460 950 533 1002 τὴν
566 954 718 990 σαυτοῦ
751 951 883 1002 φρένα
916 950 1085 1001 τέρψον·
1115 949 1119 1000 Ι
1149 949 1288 995 ὀιζύον
1321 948 1443 988 οὐδὲν
1475 949 1649 999 ἀρέσκει.

292 1023 358 1060 18:
463 1021 648 1073 βαλλέτω
681 1021 742 1065 ὡς
774 1020 919 1060 ἐθέλει·
949 1018 953 1073 Ι
981 1019 1105 1059 πάλιν
1128 1019 1315 1071 Ἄρτεμις
1346 1019 1477 1070 ἄμμιν
1509 1019 1662 1070 ἀρήγει.

287 1103 482 1154 denique
516 1104 558 1140 in
593 1102 742 1153 idyllio
778 1115 844 1141 20.
878 1102 1055 1152 quidem
1092 1101 1253 1139 nullum
1292 1100 1547 1152 exemplum
1583 1101 1744 1139 inveni.

405 1172 544 1211 Multo
578 1173 718 1211 rarius
749 1178 896 1210 autem
927 1184 1008 1222 pro
1038 1184 1223 1210 numero
1248 1184 1454 1209 versuum
1482 1171 1587 1209 talia
1609 1171 1840 1209 enuntiata

287 1242 487 1280 adhibita
533 1248 636 1280 sunt
681 1255 706 1280 a
747 1243 893 1294 poetis
931 1241 1101 1280 illorum
1143 1242 1273 1279 trium
1315 1242 1558 1279 carminum
1601 1242 1840 1292 epicorum,

287 1325 403 1364 quae
451 1318 587 1351 antea
631 1311 710 1351 illis
755 1314 896 1351 tribus
941 1312 1153 1351 bucolicis
1199 1312 1499 1362 opposuimus.
1572 1310 1620 1348 In
1668 1310 1842 1362 epyllio,

288 1382 407 1434 quod
436 1381 647 1434 ‘HQa-Ahjg
677 1382 951 1434 λεοντόφονος
983 1383 1249 1428 inscribitur,
1282 1387 1453 1419 tantum
1490 1381 1603 1419 haec
1632 1381 1839 1432 exempla

286 1453 595 1493 inveniuntur:

288 1547 362 1582 43:
465 1534 531 1573 ναὶ
564 1535 696 1585 γέρον,
729 1535 910 1586 Αὐγείην
942 1534 1127 1585 ἒθέλοιμί
1155 1549 1227 1572 κεν
1259 1533 1389 1584 ἀρχὸν
1416 1532 1591 1572 Ἐπειῶν

465 1603 662 1643 εἰσιδέειν·
696 1608 767 1643 τοῦ
802 1603 880 1655 γάρ
911 1619 964 1656 με
995 1604 1064 1643 καὶ
1097 1605 1249 1655 ἤγαγεν
1281 1596 1433 1642 ἐνθάδε
1465 1603 1602 1654 χρειω.

290 1675 361 1721 65:
464 1674 526 1724 ἂψ
560 1673 594 1712 δ’
624 1674 739 1725 ὄκνῳ
771 1674 862 1713 ποτὶ
894 1674 1027 1726 χεῖλος
1059 1673 1266 1725 ἐλάμβανε
1297 1674 1438 1725 μῦθον
1471 1673 1595 1718 ἰόντα)

464 1744 523 1795 μή
556 1743 592 1781 τί
622 1744 661 1781 οἳ
692 1744 741 1782 οὐ
774 1744 877 1782 κατὰ
912 1743 1058 1794 καιρὸν
1091 1745 1189 1787 ἔπος
1219 1743 1575 1794 προτιιιιυθήσαιτο

466 1814 771 1865 σπερχομένων·
804 1812 984 1864 χαλεπὸν
1018 1812 1052 1852 δ’
1082 1814 1221 1865 ἑτέρου
1254 1813 1352 1853 νόον
1384 1813 1543 1864 ἴδμεναι
1577 1813 1741 1864 ἀνδρός.

287 1902 372 1938 iam
417 1906 607 1952 apparet
645 1901 686 1938 in
726 1913 859 1939 versu
893 1913 960 1949 44.
993 1900 1077 1940 hoc
1108 1902 1386 1939 enuntiatum
1423 1901 1477 1939 ad
1511 1900 1840 1952 simplicitatem

289 1970 494 2021 colloquii
511 1970 849 2022 exprimendam
868 1971 1116 2021 pertinere:
1133 1972 1239 2009 item
1256 1972 1299 2009 in
1314 1984 1445 2009 versu
1461 1974 1525 2020 67.
1539 1984 1592 2009 eo
1610 1972 1841 2009 enuntiato

289 2040 513 2087 adiuncto,
545 2042 808 2091 praesertim
845 2053 944 2079 cum
981 2040 1162 2092 obliqua
1190 2040 1334 2079 forma
1359 2040 1692 2080 deliberationis
1717 2042 1842 2092 quasi

289 2115 491 2148 transeat
530 2110 571 2148 in
610 2116 801 2157 rectam,
848 2112 1015 2161 optime
1058 2111 1225 2163 ἀφέλεια
1271 2111 1461 2149 hominis
1499 2112 1651 2150 rustici
1691 2110 1843 2150 efficta

290 2192 390 2218 esse
429 2179 534 2218 mihi
572 2180 793 2229 videtur.¹)
856 2179 997 2219 Etiam
1034 2182 1074 2219 in
1111 2182 1307 2220 carmine
1340 2180 1520 2233 λΙεγόρα
1555 2181 1718 2220 nullum
1753 2181 1841 2220 tale

291 2250 566 2287 enuntiatum
604 2249 781 2287 causale
816 2251 965 2288 inveni
998 2251 1079 2288 nisi
1111 2251 1196 2289 hoc
1230 2251 1347 2290 loco:

291 2343 362 2380 47:
465 2330 586 2375 ἄλλος
615 2330 700 2382 μὰν
732 2331 810 2370 οὐκ
845 2332 895 2370 ἄν
926 2347 982 2375 τις
1013 2332 1215 2384 ἒυφρήναι
1246 2348 1299 2384 με
1330 2333 1544 2384 παραστάς

465 2401 730 2453 κηδεμόνων·
767 2401 816 2440 οὗ
852 2401 930 2453 γάρ
963 2417 1042 2454 σφε
1075 2402 1222 2454 δόμων
1254 2403 1356 2442 κατὰ
1389 2408 1519 2456 τεῖχος
1551 2404 1688 2455 ἐέργει.

408 2488 519 2526 Item
555 2489 596 2525 in
631 2489 828 2526 carmine
859 2488 1031 2527 Moschi
1062 2488 1253 2542 Εὐρώπη
1287 2504 1498 2529 numerus
1532 2490 1839 2542 exemplorum

290 2570 371 2608 pro
405 2563 503 2595 rata
535 2563 663 2608 parte
698 2559 888 2609 exiguus
922 2564 1008 2603 est:
1044 2559 1116 2598 cf.:

298 2642 363 2678 16:
467 2640 490 2690 ἣ
526 2638 561 2678 δ’
590 2639 673 2678 ἀπὸ
704 2639 781 2692 μὲν
812 2644 1008 2691 στρωτῶν
1039 2641 1194 2693 λεχέων
1225 2642 1331 2692 Ιθόρε
1364 2642 1631 2694 δειμαίνουσα

467 2708 702 2762 παλλομένη
736 2710 929 2762 κραδίην·
959 2707 963 2764 Ι
990 2710 1036 2750 τὸ
1069 2711 1146 2763 γὰρ
1179 2712 1239 2755 ὡς
1270 2712 1382 2763 ὕπαρ
1415 2712 1519 2751 εἶδεν
1551 2713 1723 2763 ὄνειρον.

412 2835 437 2877 1)
465 2835 635 2868 Ceterum
672 2837 894 2868 enuntiatum
929 2838 1135 2869 adiunctum
1171 2848 1243 2869 non
1274 2839 1418 2880 proprio
1450 2849 1562 2870 sensu
1595 2839 1740 2871 causale
1773 2843 1840 2878 est,

293 2903 374 2926 cum
399 2894 574 2936 particula
599 2894 640 2928 δέ
664 2895 824 2926 adhibita
850 2895 907 2928 sit.

1583 2965 1625 2998 8*
