2253 3443
918 292 1206 327 ,15-

290 397 510 449 parallelis
543 398 882 436 coniunctorum
914 397 1063 435 verbis
1093 397 1247 434 horum
1279 397 1381 434 item
1413 397 1531 435 bene
1559 397 1836 447 respondent

288 481 341 507 ac
364 468 627 518 saepissime
652 480 706 506 ea
730 468 932 506 membra
955 466 1130 517 singula
1154 467 1433 505 hemistichia
1457 472 1626 505 tenent.
1658 465 1835 504 Deinde

290 551 461 585 versus,
502 539 662 589 quibus
701 539 876 589 signum
925 550 955 576 1.
990 537 1209 584 dedimus,
1249 539 1353 576 item
1396 550 1580 575 numero
1620 543 1836 588 superant

290 621 444 647 versus
471 609 652 659 generis
678 621 731 653 2.;
766 609 897 646 etiam
924 608 1369 646 commemorandum
1398 614 1464 645 est
1491 607 1650 645 nullum
1679 608 1832 645 horum

287 680 328 716 in
354 679 539 729 singulis
564 679 854 717 hemistichiis
877 678 974 730 plus
997 678 1171 730 singula
1195 679 1334 717 verba
1358 679 1611 716 communia
1635 679 1681 728 (si
1703 678 1833 716 haec:

291 755 474 798 „secuta
497 751 589 787 est'·‘
631 749 841 800 „dignata
867 780 874 787 .
897 780 905 788 .
929 780 936 786 .
960 754 1054 787 est“
1088 761 1168 800 pro
1194 762 1279 787 uno
1304 749 1443 787 verbo
1469 748 1619 797 duces)
1654 748 1834 786 habere.

286 819 398 857 Tum
441 820 482 857 in
523 821 726 858 versibus
766 819 955 857 laudatis
994 819 1064 857 illa
1103 820 1364 869 symmetria
1407 819 1672 863 accuratior,
1718 831 1833 869 quae

288 889 454 929 littera:
489 903 511 927 a
546 891 725 939 signata
759 896 843 935 est,
877 902 957 941 pro
990 895 1088 928 rata
1122 895 1249 940 parte
1283 902 1420 940 saepe
1455 890 1689 927 invenitur.
1750 888 1833 926 Im-

286 961 440 1010 primis
473 960 576 998 inde
611 965 739 1011 patet
772 961 1121 999 concinnitatem
1157 960 1421 1011 plerumque
1450 959 1631 998 consilio
1659 965 1834 1009 poetae,

289 1043 372 1068 non
410 1043 514 1069 casu
549 1030 715 1068 factam
752 1043 868 1077 esse,
909 1031 1028 1081 quod
1069 1031 1269 1068 membra
1309 1031 1570 1080 saepissime
1605 1029 1834 1079 anaphora

285 1113 434 1152 neque
468 1114 568 1139 raro
605 1101 993 1139 coniunctionibus
1026 1100 1301 1138 correlativis
1335 1113 1522 1146 conexa,
1555 1112 1692 1150 saepe
1727 1112 1834 1150 quo-

285 1184 374 1222 que
415 1171 636 1222 asyndeta
675 1176 796 1217 sunt,
842 1183 1082 1222 numquam
1124 1170 1341 1221 particula
1374 1170 1561 1221 simplici
1596 1171 1833 1208 coniuncta

284 1248 399 1280 sunt.
464 1242 814 1280 Animadvertas
853 1254 1033 1293 quoque
1073 1241 1202 1279 velim
1238 1241 1430 1279 libenter
1469 1239 1833 1278 homoeoteleuta

284 1312 485 1350 adhibita
511 1325 609 1350 esse
635 1313 691 1350 ad
714 1313 1019 1363 symmetriam
1050 1313 1338 1362 insigniorem
1368 1311 1664 1349 reddendam:
1699 1312 1735 1354 8,
1760 1312 1832 1352 80;

286 1394 323 1427 3,
349 1395 420 1431 39;
459 1395 493 1431 3,
519 1385 590 1430 58:
630 1394 663 1431 7,
688 1385 753 1421 60.
796 1406 846 1410 —
889 1382 980 1421 Sed
1014 1388 1060 1420 ut
1092 1387 1413 1432 cognoscatur,
1453 1394 1557 1419 num
1592 1381 1683 1418 iure
1719 1380 1833 1418 hanc

285 1454 630 1503 congruentiam
668 1453 1081 1504 aequalitatemque
1115 1452 1170 1490 ad
1204 1465 1341 1490 suave
1369 1464 1515 1503 genus
1543 1451 1719 1489 dicendi
1746 1457 1833 1488 ret-

284 1522 531 1569 tulerimus,
573 1536 859 1574 quaeramus,
899 1523 1038 1574 qualis
1077 1523 1303 1560 sententia
1342 1522 1496 1560 horum
1535 1520 1729 1559 locorum
1767 1522 1832 1559 sit.

282 1592 477 1631 Primum
525 1606 662 1644 saepe
708 1594 820 1631 haec
866 1592 1010 1644 figura
1056 1593 1253 1631 adhibita
1301 1598 1370 1630 est
1415 1592 1469 1629 ad
1510 1591 1829 1629 iucunditatem

282 1665 552 1701 suavitatem
587 1665 761 1714 copiam
804 1677 950 1701 rerum
993 1663 1334 1702 describendam
1371 1674 1422 1700 ac
1457 1662 1743 1700 laudandam:
1779 1661 1832 1700 cf.

286 1746 321 1780 2,
353 1746 423 1777 2ος
462 1746 496 1782 3,
527 1736 673 1785 563q.;
711 1747 746 1782 5,
777 1747 850 1782 4o;
888 1747 923 1781 5,
953 1736 1026 1776 oo:
1064 1746 1097 1783 7,
1129 1747 1171 1782 5;
1211 1745 1243 1783 7,
1276 1738 1421 1783 0551].;
1464 1746 1523 1777 10,
1554 1745 1627 1780 42:
1668 1733 1831 1783 quoin

284 1817 470 1842 numero
507 1804 743 1842 habendae
777 1811 879 1842 sunt
915 1805 1045 1842 etiam
1082 1805 1167 1842 hae
1202 1804 1564 1854 cmiiparationes
1591 1801 1832 1847 bucolicae,

283 1887 396 1925 quas
442 1875 497 1912 ab
545 1875 681 1925 epicis
727 1874 856 1912 valde
904 1874 1081 1912 differre
1128 1881 1335 1925 apparet:
1377 1876 1582 1924 3‚80sq.;
1626 1876 1831 1923 3,82sq.:

284 1957 320 1992 5,
347 1957 491 1995 32sq.;
539 1958 574 1993 5,
600 1948 744 1996 7osq.:
788 1957 822 1994 7,
848 1956 992 1995 37sq.;
1036 1957 1070 1994 7,
1093 1957 1222 1995 41sq.
1283 1943 1461 1982 Deinde
1496 1955 1828 1993 nonnumquam

284 2015 485 2052 versibus
508 2016 570 2053 ita
594 2016 854 2066 compositis
880 2028 1065 2061 maeror,
1093 2016 1167 2066 qui
1190 2027 1277 2052 non
1302 2014 1561 2059 vehemens,
1588 2013 1668 2051 sed
1693 2012 1832 2050 mollis

283 2089 330 2122 et
354 2085 615 2123 moderatus
639 2092 718 2131 est,
750 2086 869 2124 bene
894 2086 1174 2136 exprimitur:
1207 2084 1262 2123 cf.
1292 2099 1322 2131 1,
1349 2096 1492 2135 3osq.;
1529 2095 1564 2131 5,
1591 2096 1661 2132 35:
1697 2096 1733 2131 5,
1758 2085 1830 2130 58:

283 2168 321 2204 9,
350 2157 418 2200 16;
459 2168 519 2202 10,
549 2168 618 2203 13;
660 2169 720 2201 10,
745 2168 810 2194 22.
854 2156 919 2194 At
942 2156 1152 2206 exempla
1175 2169 1211 2203 4.
1235 2155 1423 2205 eclogae
1449 2154 1504 2192 ad
1527 2167 1663 2192 suave
1687 2166 1831 2204 genus

283 2225 462 2264 dicendi
486 2228 715 2276 pertinere
740 2228 979 2278 negaverit
1002 2228 1110 2277 quis,
1135 2227 1343 2277 quoniam
1365 2225 1488 2263 stilus
1508 2225 1600 2262 eius
1617 2223 1832 2274 grandior

283 2303 363 2334 est.
417 2293 767 2334 Considerantes
796 2310 902 2335 vero
930 2298 971 2335 in
1001 2310 1054 2335 ea
1080 2297 1323 2348 praecipue
1356 2308 1426 2334 res
1455 2294 1607 2333 dulces
1634 2293 1831 2344 praedici

283 2371 331 2404 et
375 2365 590 2404 infantem
640 2368 880 2405 maximam
926 2380 1007 2418 per
1050 2373 1223 2418 partem
1272 2365 1486 2417 appellari
1531 2363 1831 2414 intelligemus

282 2437 552 2475 suavitatem
575 2438 630 2475 ab
652 2450 703 2475 ea
724 2437 911 2476 alienam
933 2451 1031 2476 esse
1052 2451 1138 2475 non
1159 2450 1304 2488 posse.
1344 2436 1563 2486 Imprimis
1581 2446 1735 2472 versus
1755 2446 1831 2482 49„

283 2519 373 2557 qua
406 2513 476 2544 est
509 2509 826 2553 concinnitate,
859 2507 996 2545 multo
1031 2508 1212 2558 propior
1245 2519 1435 2544 amoeno
1469 2505 1627 2556 generi
1655 2503 1831 2541 dicendi

285 2589 383 2614 esse
425 2577 529 2615 mihi
568 2577 745 2616 videtur
784 2591 915 2629 quam
957 2578 1027 2616 hic
1067 2590 1222 2616 versus
1268 2577 1383 2614 idem
1425 2575 1518 2614 fere
1561 2573 1830 2625 significans.

283 2647 406 2685 cuius
440 2647 736 2698 inaequalitas
768 2648 866 2687 stilo
901 2648 1080 2686 heroico
1116 2654 1221 2698 apta
1255 2652 1339 2685 est:

282 2750 469 2799 ANIH,
502 2765 601 2801 301:
639 2753 779 2800 salve,
821 2766 924 2791 vera
957 2753 1072 2791 Iovis
1107 2753 1111 2804 Ι
1145 2751 1311 2804 proles,
1351 2751 1488 2789 decus
1524 2749 1674 2787 addite
1709 2748 1830 2785 divis.

283 2855 461 2894 Deinde
485 2871 641 2896 versus
667 2871 743 2908 57.,
777 2860 849 2910 qui
884 2860 1026 2910 primo
1062 2859 1219 2896 obtutu
1254 2858 1448 2907 speciem
1487 2855 1689 2893 elationis
1722 2866 1829 2904 prae

284 2938 332 2963 se
361 2926 459 2973 fert,
491 2941 652 2966 revera
678 2929 779 2967 huic
807 2929 903 2968 loco
929 2928 1092 2980 aliquid
1114 2927 1407 2978 simplicitatis
1432 2931 1477 2963 et
1501 2925 1626 2976 quasi
1653 2922 1830 2974 puerilis
