2222 3417
971 268 1028 272 *-
1095 257 1174 284 100
1237 269 1291 273 ’-

351 360 472 412 quod
495 360 551 398 ad
574 361 963 411 comparationem
989 361 1239 408 adhibetur,
1266 375 1412 414 aequo
1437 363 1592 402 ordine
1617 364 1903 403 coniunctum

351 435 431 469 est.
485 430 679 469 Maxime
703 432 914 482 propriae
941 432 1133 471 bucolici
1158 433 1342 484 generis
1365 438 1470 471 sunt
1492 433 1590 472 illae
1614 435 1754 473 series
1786 447 1905 473 com-

350 500 536 551 plurium
596 502 921 548 membrorum,
978 502 1095 540 inter
1147 515 1262 553 quae
1316 503 1377 549 id,
1431 503 1553 554 quod
1605 510 1905 556 comparatur,

350 571 600 620 extrem01)
633 571 705 610 vel
737 573 880 623 primo
913 571 1012 611 loco
1045 573 1239 624 positum
1275 579 1355 619 est,
1389 572 1463 612 cf.:

380 655 503 701 2‚63:
562 658 691 691 torva
730 653 891 692 leaena
929 653 1079 705 lupum
1121 656 1332 706 sequitur,
1372 654 1500 706 lupus
1538 657 1633 706 ipse
1672 656 1905 708 capellam,

559 722 796 762 florentem
831 725 1020 776 cytisum
1057 726 1260 776 sequitur
1292 725 1457 765 lasciva
1491 726 1676 777 capella,

559 800 604 832 te
639 791 850 845 Corydon
886 808 909 833 o
942 794 1092 834 Alexi.

380 866 502 912 3,So:
559 863 705 901 Triste
738 864 865 915 lupus
898 865 1096 911 stabulis,
1131 867 1313 905 maturis
1346 866 1552 918 frugibus
1585 867 1763 914 imbres,

561 935 795 972 arboribus
828 936 963 982 venti,
997 936 1126 973 nobis
1158 936 1450 986 Amaryllidis
1483 938 1586 976 irae.

379 1006 501 1052 3,82:
558 1003 701 1043 Dulce
736 1006 843 1043 satis
878 1018 1015 1048 umor,
1050 1005 1245 1057 depulsis
1279 1007 1465 1045 arbutus
1498 1007 1666 1055 haedis,

559 1074 678 1113 lenta
711 1075 823 1114 salix
854 1075 949 1114 feto
983 1077 1147 1127 pecori,
1180 1077 1286 1115 mihi
1318 1076 1436 1115 solus
1470 1077 1709 1128 Amyntas.

352 1157 412 1185 10.
435 1157 501 1193 29:
559 1157 642 1183 nec
676 1145 866 1184 lacrimis
900 1146 1092 1184 crudelis
1125 1147 1271 1185 Amor
1302 1160 1386 1186 nec
1419 1148 1627 1196 gramina
1658 1149 1770 1186 rivis*

559 1228 643 1254 nec
677 1217 820 1267 cytiso
853 1222 1113 1254 saturantur
1146 1229 1255 1268 apes
1288 1230 1372 1256 nec
1406 1217 1566 1256 fronde
1600 1216 1815 1268 capellae.

343 1296 521 1335 Deinde
568 1298 607 1335 in
643 1299 845 1336 versibus
896 1311 927 1345 1,
956 1311 1135 1348 icy—23,
1181 1311 1294 1350 quos
1339 1298 1471 1351 paulo
1505 1312 1639 1350 supra
1677 1298 1801 1351 (pag.
1824 1298 1899 1352 98)

345 1368 571 1418 exscripsi,
603 1368 805 1406 membra
831 1368 1125 1407 similitudinis
1148 1370 1353 1420 parataxi
1384 1371 1623 1408 coniuncta
1653 1377 1767 1416 sunt,
1797 1382 1897 1409 cum

344 1438 384 1475 in
421 1438 633 1483 versibus,
667 1439 742 1489 qui
775 1438 856 1477 hos
889 1446 1149 1490 sequuntur,
1182 1440 1424 1491 hypotaxis
1457 1441 1721 1480 inveniatur.
1782 1439 1895 1479 Tum

344 1509 478 1545 etiam
503 1508 587 1546 hae
616 1510 979 1559 comparationes
1006 1511 1180 1548 ratione
1204 1512 1482 1561 paratactica
1511 1511 1750 1549 adiunctae
1773 1516 1897 1550 sunt:

375 1586 496 1631 5,81:
555 1582 681 1634 Quae
718 1586 808 1630 tibi,
843 1598 958 1636 quae
992 1586 1067 1624 tali
1101 1586 1287 1625 reddam
1322 1600 1402 1638 pro
1437 1587 1635 1625 carmine
1671 1587 1814 1625 dona?

555 1667 655 1693 nam
693 1668 841 1706 neque
876 1669 946 1694 me
981 1662 1155 1695 tantum
1190 1658 1413 1695 venientis
1446 1657 1597 1695 sibilus
1631 1658 1779 1703 austri,

558 1738 641 1764 nec
673 1738 887 1776 percussa
921 1727 1075 1765 iuvant
1107 1726 1243 1765 fluctu
1279 1733 1369 1765 tam
1405 1726 1543 1772 litora,
1578 1739 1662 1765 nec
1696 1739 1813 1778 quae

555 1809 740 1834 saxosas
773 1797 889 1834 inter
923 1797 1166 1835 decurrunt
1197 1796 1380 1836 fiumina
1413 1797 1564 1836 valles.

375 1867 497 1907 026:
1401 1867 1530 1905 simul
1563 1869 1717 1919 incipit
1750 1869 1857 1919 ipse.

556 1944 646 1975 tum
683 1950 789 1975 vero
822 1939 864 1976 in
900 1951 1131 1976 numerum
1169 1937 1439 1989 Faunosque
1472 1937 1682 1990 ferasque
1715 1939 1896 1977 videres

556 2007 720 2053 ludere,
754 2015 845 2046 tum
881 2008 1049 2059 rigidas
1083 2015 1254 2047 motare
1290 2010 1521 2047 cacumina
1556 2021 1768 2060 quercus;

555 2090 638 2116 nec
671 2085 844 2117 tantum
878 2077 1065 2118 Phoebo
1099 2079 1273 2130 gaudet
1305 2078 1518 2117 Parnasia
1552 2092 1697 2130 rupes,

554 2161 637 2186 nec
672 2155 844 2187 tantum
880 2147 1106 2199 Rhodope
1142 2150 1325 2187 miratur
1357 2157 1402 2186 et
1435 2148 1627 2187 ismarus
1662 2146 1861 2200 Orphea.

460 2229 668 2281 Denique
698 2230 764 2268 his
794 2243 973 2282 quoque
1005 2230 1122 2275 lociS,
1156 2232 1229 2282 qui
1260 2231 1437 2282 quidem
1471 2243 1558 2269 non
1585 2229 1894 2269 similitudines

343 2301 523 2351 proprio
546 2313 677 2338 sensu
704 2301 938 2351 praebent,
970 2301 1253 2352 simplicitate
1279 2301 1469 2352 quadam
1501 2313 1572 2338 res
1600 2305 1892 2352 comparatae

344 2370 500 2409 eodem
538 2371 691 2409 ordine
725 2372 991 2409 coniunctae
1025 2377 1147 2409 sunt:

374 2450 410 2489 8,
426 2449 496 2495 83:
554 2446 756 2498 Daphnis
779 2460 848 2485 me
872 2446 1011 2486 malus
1034 2448 1127 2493 urit,
1150 2460 1238 2498 ego
1261 2447 1376 2485 hanc
1392 2448 1433 2485 in
1450 2446 1692 2497 Daphnide
1710 2445 1893 2484 laurum.

350 2529 410 2560 io,
427 2529 497 2564 53:
554 2523 724 2555 certum
762 2524 831 2555 est
854 2548 861 2555 .
883 2548 890 2555 .
915 2548 921 2555 .
945 2518 1111 2555 teneris
1135 2549 1142 2555 .
1166 2548 1173 2555 .
1198 2548 1205 2555 .
1230 2530 1353 2555 meos
1388 2516 1585 2555 incidere
1619 2529 1797 2554 amores

554 2587 805 2626 arboribus:
841 2595 1048 2626 crescent
1080 2587 1190 2632 illae,
1224 2588 1436 2626 cresc-etis
1471 2599 1659 2625 amores,

344 2667 470 2707 Haec
498 2670 727 2719 parataxis
756 2671 1056 2707 membrorum
1093 2669 1398 2715 similitudinis,
1432 2681 1563 2720 quam
1600 2669 1640 2706 in
1669 2666 1890 2706 Bucolicis

343 2738 609 2789 aliquotiens
650 2741 909 2785 invenimus,
955 2753 978 2777 a
1017 2753 1224 2778 sermone
1263 2739 1472 2790 graviore
1513 2739 1756 2777 carminum
1799 2737 1891 2788 epi-

463 2842 486 2877 ¹>
514 2842 577 2879 1⁴20,
605 2843 702 2885 quod
730 2848 916 2885 postremo
943 2843 1075 2886 aliquid
1103 2843 1219 2875 minus
1246 2847 1500 2885 exspectatum
1530 2842 1746 2880 enuntiatur,
1779 2841 1886 2873 etiam

342 2901 632 2943 suaviloquentia
659 2902 839 2943 quaedam
867 2901 999 2933 effecta
1025 2906 1098 2940 est;
1132 2901 1176 2933 cs.
1206 2901 1424 2940 Demetrius,
1461 2901 1506 2933 de
1535 2900 1742 2932 elocutione
1769 2899 1789 2942 ξ
1815 2908 1888 2941 139.
