2253 3443
427 386 547 438 quod
578 387 620 423 in
654 383 867 422 bucolicis
900 394 1146 433 numquam
1184 381 1462 419 observatur.
1523 379 1700 418 Deinde
1735 392 1903 429 versus,
1936 380 1980 418 in

426 457 585 508 quibus
608 454 725 493 nulla
749 454 890 492 verba
916 453 1146 502 utriusque
1171 451 1363 489 membri
1385 450 1643 488 communia
1666 451 1738 488 uni
1761 449 1832 489 vel
1855 449 1983 488 alteri

426 525 703 565 hemistichio
720 524 895 562 adiecta
911 527 1018 560 sunt
1031 523 1110 571 (1.),
1126 521 1196 559 hic
1212 526 1384 560 tantum
1404 520 1581 558 tertiam
1598 526 1772 570 partem
1791 519 1980 560 faciunt:

426 598 467 635 in
491 596 694 634 versibus
717 594 897 632 alterius
922 592 1091 643 speciei
1114 591 1181 642 (2.)
1205 604 1293 629 non
1320 591 1494 635 desunt,
1516 590 1559 627 in
1585 602 1770 641 quorum
1797 589 1982 641 singulis

426 665 715 705 hemistichiis
730 664 1016 702 inveniantur
1030 661 1129 713 plus
1144 660 1319 712 singula
1335 661 1478 700 verba
1492 661 1764 699 communia:
1786 658 1982 710 G.1‚438,

426 737 480 775 A.
503 734 599 780 XII,
628 748 718 784 135,
750 734 806 772 A.
828 733 857 773 I.
883 735 978 783 287,
1012 732 1068 770 A.
1090 731 1188 779 XII,
1215 744 1310 781 903,
1351 744 1439 782 qua
1473 744 1522 769 re
1556 731 1817 781 symmetria
1849 729 1981 769 valde

426 807 715 844 imminuitur:
746 802 1192 843 commemorandum
1227 814 1408 853 quoque
1433 801 1539 840 mihi
1560 800 1737 839 Videtur
1759 800 1861 838 illud
1886 813 1982 839 ver-

426 878 530 914 bum
565 887 815 919 commune,
848 874 892 912 id
926 874 1045 925 quod
1072 886 1159 912 non
1184 873 1412 911 invenitur
1433 873 1476 910 in
1501 870 1724 915 bucolicis.
1758 883 1858 909 esse
1881 871 1982 909 sub-

426 947 587 984 iectum
614 944 833 983 nonnullis
859 944 983 982 locis:
1018 942 1069 982 G.
1092 943 1121 989 1,
1146 945 1243 991 438,
1269 943 1325 981 A.
1347 942 1377 988 I,
1402 945 1497 992 287,
1523 943 1580 980 A.
1603 940 1700 985 XII,
1724 943 1820 989 840.
1868 939 1980 979 Tum

427 1028 591 1059 versus.
616 1016 689 1066 qui
713 1014 1002 1052 hemistichiis
1026 1012 1158 1064 plane
1185 1013 1390 1063 aequatis
1413 1011 1638 1050 excellunt
1657 1013 1724 1062 (a),
1747 1024 1844 1050 cum
1866 1011 1983 1049 inter

427 1085 634 1136 exempla
669 1085 926 1135 eclogarum
963 1083 1061 1135 plus
1095 1084 1229 1121 tertia
1263 1095 1368 1134 pars
1401 1083 1506 1129 sint,
1541 1087 1645 1121 sunt
1677 1083 1794 1120 inter
1825 1094 1982 1120 versus

426 1157 580 1194 horum
622 1155 832 1193 librorum
872 1161 1005 1192 sexta
1044 1153 1140 1192 fere
1180 1166 1304 1204 pars;
1351 1154 1615 1204 praesertim
1657 1153 1683 1190 ii
1722 1164 1895 1199 versus,
1938 1152 1981 1190 in

426 1227 585 1276 quibus
606 1226 745 1263 verba
768 1232 897 1263 terna
921 1229 1132 1262 accurate
1154 1224 1236 1262 sibi
1258 1223 1538 1274 respondent
1559 1236 1707 1274 neque
1731 1222 1861 1260 ullum
1883 1234 1982 1260 ver-

426 1297 528 1334 bum
554 1296 855 1334 membrorum
881 1307 1121 1332 commune
1145 1295 1187 1331 in
1212 1293 1352 1331 altero
1374 1294 1656 1331 hemistichio
1680 1291 1982 1342 occurrit(1a),

425 1367 648 1405 rarissime
676 1366 979 1404 inveniuntur:
1013 1362 1065 1403 G.
1087 1364 1115 1411 I,
1140 1377 1216 1413 341
1252 1370 1298 1401 et
1327 1362 1379 1403 G.
1399 1362 1474 1405 IV.
1499 1365 1592 1413 369,
1620 1375 1718 1402 cum
1744 1364 1786 1401 in
1812 1362 1982 1414 eclogis

424 1437 530 1474 satis
563 1436 827 1486 frequentes
860 1436 963 1473 sint.
1017 1434 1178 1486 Neque
1215 1435 1383 1472 minimi
1417 1435 1632 1472 momenti
1667 1433 1848 1472 modum
1879 1445 1982 1472 con-

424 1507 638 1556 iungendi
673 1518 771 1544 esse
806 1507 847 1543 in
884 1510 1044 1556 aperto
1079 1512 1168 1545 est:
1204 1518 1306 1543 nam
1342 1505 1573 1556 anaphora
1596 1504 1650 1554 (α)
1681 1505 1750 1543 hic
1779 1517 1860 1555 pro
1884 1509 1983 1542 rata

424 1583 551 1627 parte
591 1577 731 1614 rarius
771 1575 971 1614 adhibita
1011 1582 1080 1613 est
1120 1588 1251 1626 quam
1295 1576 1335 1613 in
1377 1574 1616 1620 Bucolicis,
1662 1587 1750 1626 quo
1795 1574 1982 1620 accedit,

424 1647 545 1697 quod
590 1647 729 1684 verba
773 1647 966 1697 repetita
1015 1659 1103 1684 non
1151 1645 1426 1696 anaphoram
1477 1646 1658 1696 proprio
1703 1657 1855 1691 sensu,
1902 1644 1982 1683 sed

424 1718 570 1767 potius
589 1716 933 1754 correlationem
954 1715 1165 1764 faciuntl)
1185 1716 1251 1754 his
1270 1715 1397 1754 locis:
1419 1714 1689 1766 A.XH,789,
1710 1716 1766 1753 A.
1780 1714 1982 1766 XIL745,

425 1785 474 1825 G.
490 1786 518 1828 Ι,
535 1799 629 1834 440,
661 1787 716 1824 A.
732 1786 760 1832 Ι,
785 1799 873 1832 120,
908 1783 958 1825 G.
975 1784 1163 1835 IV‚370‚
1199 1786 1321 1837 quod
1350 1787 1392 1823 in
1423 1785 1641 1836 exemplis
1667 1785 1979 1824 Bucolicorum

423 1856 561 1894 semel
595 1864 765 1894 tantum
803 1859 854 1906 (3,
880 1860 947 1906 42)
991 1857 1269 1895 observatur.
1331 1855 1510 1894 Deinde
1545 1857 1800 1895 coniunctio
1835 1869 1982 1895 corre-

424 1927 557 1965 lativa
580 1929 632 1978 (β)
667 1928 708 1965 in
746 1927 809 1965 his
843 1926 952 1965 locis
985 1928 1163 1977 saepius
1199 1926 1399 1965 adhibita
1433 1939 1532 1965 esse
1565 1927 1743 1965 videtur
1776 1939 1908 1978 quam
1938 1927 1979 1965 in

424 1996 660 2040 Bucolicis:
685 1997 766 2035 sed
790 1997 1241 2035 animadvertendum
1268 2002 1337 2035 est
1357 1996 1563 2048 copulam
1583 1998 1822 2048 repetitam
1842 2010 1980 2049 saepe

424 2080 510 2106 non
551 2080 657 2105 vere
703 2066 1014 2105 correlativam
1061 2080 1178 2110 esse.
1225 2080 1324 2106 cum
1372 2069 1587 2106 membris
1632 2067 1852 2118 parallelis
1897 2067 1981 2106 alia

424 2138 580 2176 eodem
631 2137 784 2176 ordine
831 2138 1073 2176 coniuncta
1118 2139 1412 2177 antecedant:
1465 2136 1516 2177 G.
1544 2137 1573 2183 Ι,
1604 2150 1699 2186 423,
1746 2136 1797 2177 G.
1824 2137 1855 2185 I,
1885 2150 1980 2188 470,

424 2206 474 2246 G.
498 2206 570 2252 IV,
600 2220 689 2257 179,
722 2207 777 2246 A.
801 2206 898 2253 XII,
928 2221 1022 2256 551,
1057 2206 1233 2254 A.X11‚
1260 2210 1361 2257 675,
1401 2221 1514 2259 quos
1553 2208 1675 2247 locos
1716 2209 1850 2259 igitur
1886 2209 1979 2247 iure

423 2278 615 2328 quodam
643 2277 797 2329 aliquis
820 2279 861 2316 in
888 2279 1084 2329 speciem
1114 2277 1280 2316 littera:
1317 2278 1340 2317 ὁ
1362 2279 1586 2329 signatam
1613 2279 1821 2317 ascribat.
1873 2277 1979 2318 Sine

423 2348 637 2398 particula
665 2348 920 2398 copulativa
943 2351 993 2399 (y)
1027 2349 1229 2387 membra
1259 2350 1300 2387 in
1332 2351 1534 2388 versibus
1564 2348 1643 2387 illis
1668 2348 1976 2388 Bucolicorum

424 2417 560 2455 inulto
594 2419 770 2468 saepius
804 2419 1045 2457 coniuncta
1079 2424 1183 2456 sunt
1218 2432 1350 2470 quani
1386 2420 1426 2457 in
1454 2419 1530 2458 his.
1582 2418 1803 2470 Imprimis
1827 2425 1976 2458 autem

422 2487 611 2538 simplex
657 2489 911 2527 coniunctio
954 2488 1024 2539 (ὁ),
1076 2502 1163 2540 qua
1214 2490 1254 2527 in
1302 2488 1525 2528 Bucolicis
1578 2490 1859 2528 hemistichia
1909 2489 1979 2528 illa

422 2557 631 2607 parallela
667 2571 907 2609 numquam
949 2558 1157 2609 copulata
1193 2572 1292 2597 esse
1326 2561 1526 2604 vidimus,
1562 2560 1630 2597 hic
1665 2561 1844 2598 minime
1877 2573 1978 2599 raro

422 2627 617 2665 adhibita
653 2635 737 2667 cst.
771 2652 822 2656 —
863 2628 954 2667 Sed
990 2629 1137 2667 multis
1171 2630 1390 2681 exemplis
1425 2644 1481 2668 ex
1514 2630 1580 2668 his
1613 2636 1827 2681 quattuor
1859 2630 1978 2669 libris

422 2699 658 2749 exscriptis
708 2700 923 2737 minorem
974 2701 1060 2738 vim
1114 2701 1262 2738 inesse
1314 2713 1446 2751 quam
1497 2701 1715 2752 exemplis
1766 2700 1978 2740 bucolicis

421 2770 660 2819 praecipuo
691 2769 1024 2807 admonendum
1059 2777 1138 2809 est.
1190 2769 1384 2809 Primum
1412 2772 1527 2809 enim
1554 2772 1816 2822 symmetria
1842 2784 1977 2810 mem-

541 2872 563 2909 ¹>
593 2872 693 2904 llaec
726 2873 983 2916 distinguenda
1015 2885 1100 2907 csse
1134 2880 1235 2907 recte
1264 2876 1450 2907 admonuit
1478 2875 1513 2907 1..
1539 2874 1663 2914 Otto,
1698 2876 1754 2908 Dc
1782 2875 1976 2918 anaphora.

419 2928 514 2962 iuss.
543 2930 722 2973 Marpnrg.
757 2942 852 2973 1907,
880 2944 912 2975 p.
935 2942 1041 2975 455sp
