2222 3417
385 390 506 428 Inter
550 389 630 426 hos
674 400 830 427 versus
875 387 969 426 solo
1015 387 1057 425 in
1108 387 1252 438 primo
1298 386 1561 437 symmetria
1611 386 1829 436 insignior
1871 385 1934 423 in-

385 460 578 498 venitur:
616 471 763 509 neque
798 470 878 495 nos
912 470 935 494 a
969 469 1077 495 vero
1113 457 1324 495 aberrare
1358 467 1545 502 censeo,
1577 456 1613 494 si
1645 455 1930 494 Theocritum

386 529 574 567 eandem
610 529 874 566 suavitatem
911 526 1172 577 simplicem,
1207 539 1339 578 quam
1374 526 1416 563 in
1445 526 1717 564 carminibus
1743 525 1932 576 pastori-

385 601 462 638 ciis
495 600 701 650 appetiit.
747 599 788 636 in
829 598 894 635 his
934 597 1074 634 tribus
1106 597 1330 643 versibus,
1376 596 1449 647 qui
1484 594 1800 634 dulcitudinem
1834 594 1934 633 talis

385 669 635 708 cantilenae
671 682 694 706 a
728 675 871 705 matre
905 666 1150 705 infantibus
1183 672 1392 705 cantatae
1429 666 1749 716 exprimerent,
1781 678 1934 716 perse—

386 748 535 778 cutum
561 751 659 777 esse
688 737 985 785 statuimus;¹)
1017 749 1131 788 quae
1156 737 1383 775 sententia
1406 749 1459 775 eo
1484 734 1784 782 confirmatur,
1813 735 1935 787 quod

387 810 440 847 de
474 810 676 847 versibus
709 808 1087 859 praecedentibus
1121 806 1233 845 infra
1268 807 1506 845 dicendum
1543 806 1638 845 erit.
1691 803 1857 844 Contra
1890 806 1933 844 in

385 892 514 917 versu
550 891 615 926 24,
643 891 690 928 72
726 886 861 929 poeta
896 879 971 916 vix
1004 877 1060 916 ad
1089 877 1217 916 ullam
1245 878 1555 928 symmetriam
1579 877 1822 927 spectavit:
1856 877 1934 914 im—

383 950 535 1000 primis
558 949 849 987 concinnitati
874 948 1144 986 detrimento
1175 952 1245 985 est
1276 948 1454 998 pondus
1488 947 1617 985 nimis
1651 946 1801 997 dispar
1832 947 1935 985 sub-

385 1021 613 1058 iectorum.
664 1018 712 1056 In
746 1019 949 1057 versibus
984 1030 1048 1065 24,
1073 1019 1121 1055 81
1151 1023 1197 1056 et
1225 1030 1286 1066 13,
1310 1029 1360 1065 42
1388 1023 1572 1068 praeter
1594 1017 1934 1056 coniunctiones

383 1091 600 1140 repetitas
644 1096 816 1127 tantum
870 1088 1043 1140 singula
1097 1088 1380 1126 substantiva
1425 1100 1673 1139 eorumque
1719 1088 1936 1126 attributa

384 1161 464 1198 sibi
510 1159 806 1211 respondent:
852 1165 1091 1210 praeterea
1136 1160 1178 1196 in
1225 1158 1310 1197 hoc
1356 1157 1567 1209 exemplo
1608 1157 1691 1196 alia
1730 1158 1936 1196 membra

385 1225 543 1268 eodem
592 1230 746 1268 ordine
792 1231 1029 1267 coniuncta
1077 1234 1190 1268 sunt.
1257 1228 1466 1280 Denique
1508 1229 1551 1266 in
1590 1241 1721 1267 versu
1764 1240 1829 1275 22,
1856 1229 1934 1277 156

385 1300 651 1338 adiectivum
688 1299 915 1337 numerale
947 1299 1105 1337 eadem
1137 1301 1324 1346 ratione,
1359 1312 1446 1350 qua
1469 1300 1510 1337 in
1535 1299 1761 1350 plerisque
1785 1311 1935 1337 exem-

384 1370 465 1421 plis
490 1369 622 1421 idyllii
652 1383 712 1420 17,
736 1371 976 1421 repetitum
1002 1377 1089 1415 est:
1114 1376 1354 1421 praeterea
1377 1370 1641 1421 symmetria
1663 1369 1936 1407 imminuitur

384 1441 532 1478 verbis
573 1454 686 1492 quae
725 1448 984 1491 sequuntur.
1048 1439 1176 1479 Haec
1214 1441 1295 1479 tria
1330 1441 1530 1479 carmina
1563 1441 1691 1491 epico
1725 1452 1934 1478 sermone

384 1512 655 1561 conscripta,
695 1511 855 1562 quibus
896 1513 977 1558 438
1019 1524 1175 1549 versus
1215 1517 1334 1556 sunt,
1375 1511 1576 1549 videmus
1615 1512 1856 1562 praebere,
1900 1510 1936 1548 si

384 1581 496 1619 haec
537 1582 683 1619 omnia
723 1581 1087 1626 adnuineramus‚
1128 1588 1299 1620 tantum
1343 1582 1541 1633 quinque
1575 1580 1785 1633 exempla
1817 1593 1935 1633 sym-

385 1652 569 1689 metriae
604 1651 997 1691 hemistichiorum.
1032 1676 1084 1679 —
1117 1651 1326 1703 Denique
1354 1651 1504 1703 idyllia
1533 1653 1598 1697 28,
1627 1664 1692 1701 29,
1721 1663 1785 1700 30,
1819 1663 1934 1703 quae

384 1721 562 1772 quidem
589 1734 675 1759 non
701 1723 905 1760 versibus
928 1723 1205 1761 hexametris
1228 1723 1480 1774 composita
1506 1728 1622 1769 sunt,
1653 1723 1748 1761 sine
1773 1721 1935 1760 talibus

383 1792 586 1829 versibus
619 1800 732 1830 sunt.
765 1816 819 1820 -—
854 1790 947 1831 Sed
981 1800 1027 1830 ut
1060 1805 1278 1831 summam
1314 1792 1542 1840 faciamus,
1577 1793 1932 1831 demonstratum

383 1870 450 1899 est
468 1862 831 1912 aequabilitatem
851 1863 1231 1901 hemistichiorum
1252 1864 1293 1901 in
1313 1863 1405 1901 aliis
1421 1864 1692 1902 carminibus
1708 1862 1934 1902 Theocriti

385 1931 520 1970 multo
560 1933 699 1970 rarius
741 1933 986 1971 adhibitam
1027 1947 1127 1972 esse
1169 1947 1301 1985 quam
1343 1935 1384 1972 in
1422 1934 1652 1981 bucolicis,
1691 1934 1934 1985 praecipue

384 2011 530 2040 autem
578 2002 746 2041 illorum
795 2004 1021 2055 exempla,
1073 2017 1189 2055 quae
1242 2004 1389 2043 afferri
1434 2011 1640 2055 possunt,
1693 2005 1932 2042 maximam

384 2081 556 2123 partem
593 2086 692 2111 esse
728 2075 870 2111 minus
905 2075 1210 2113 memorabilia
1246 2088 1376 2126 quam
1415 2076 1592 2119 horum:
1628 2075 1791 2113 deinde
1826 2086 1935 2113 non-

385 2143 485 2181 nulli
519 2156 683 2186 versus,
717 2145 792 2195 qui
825 2144 1103 2183 hemistichia
1133 2145 1338 2196 aequalia
1363 2146 1546 2191 habent,
1579 2145 1772 2197 quodam
1799 2144 1933 2184 modo

384 2215 505 2263 poesi
548 2214 777 2252 bucolicae
818 2216 1070 2266 propinqua
1108 2222 1227 2255 sunt:
1280 2229 1398 2265 12‚3,
1443 2219 1504 2261 18,
1522 2228 1593 2264 30,
1632 2218 1781 2264 18,49‚
1817 2227 1934 2265 24‚9.

386 2292 430 2321 ut
464 2285 512 2321 iis
545 2285 770 2323 sententia
804 2294 955 2323 nostra
991 2299 1076 2324 non
1111 2285 1370 2330 infirmetur.
1404 2287 1539 2325 immo
1573 2284 1875 2325 confirmetur.

504 2352 631 2391 Hanc
666 2357 984 2405 ¹symmetriam,
1019 2369 1150 2407 quam
1189 2364 1235 2395 ut
1269 2358 1309 2395 in
1345 2356 1566 2396 Bucolicis
1599 2355 1840 2403 Theocriti,
1872 2356 1934 2394 ita

386 2424 424 2460 in
461 2423 628 2473 ‹echi-<gis
654 2423 839 2475 ergilii
875 2425 1065 2464 libenter
1099 2427 1342 2465 adhibitam
1380 2441 1479 2465 esse
1510 2427 1710 2472 vidimus
1745 2427 1877 2464 etiam
1908 2439 1932 2464 a

385 2493 594 2531 bucolicis
624 2497 769 2545 poetis
801 2494 986 2534 Graecis
1013 2496 1268 2536 inferiorum
1297 2504 1549 2549 temporum
1575 2495 1806 2535 artificium
1832 2496 1932 2535 huic

385 2565 538 2609 generi
587 2564 828 2603 litterarum
878 2568 1153 2616 aptissimum
1209 2569 1508 2606 existimatam
1557 2580 1657 2605 esse
1703 2573 1830 2618 patet
1876 2580 1933 2605 ex

386 2632 539 2682 isli-Ilii<
564 2632 804 2673 'fhvocrito
828 2636 1063 2687 adscriptis
1090 2650 1154 2675 20.
1179 2646 1223 2676 et
1251 2650 1314 2688 27.
1343 2645 1389 2676 et
1416 2651 1472 2676 ex
1503 2637 1756 2676 laudatione
1781 2637 1932 2676 Bionis

386 2705 554 2741 mortui.
611 2705 781 2753 Quibus
811 2719 866 2743 ex
897 2708 1179 2753 carminibus,
1210 2721 1481 2760 quamquam
1508 2707 1735 2759 Vergilius
1763 2721 1815 2746 ea
1843 2720 1930 2747 non

506 2808 509 2819 '
527 2820 531 2839 l
562 2807 663 2838 llunc
684 2809 800 2839 locum
828 2820 907 2840 cum
935 2811 1036 2852 poesi
1061 2812 1223 2853 populari
1249 2812 1449 2845 cohaerere
1470 2812 1638 2844 concludi
1658 2816 1779 2855 potest
1798 2822 1846 2844 ex
1865 2821 1931 2844 usu

385 2864 686 2903 hmine-‹futeleuth
728 2867 770 2898 cf.
799 2867 1021 2907 Gobauer,
1057 2869 1128 2909 1.1.,
1155 2881 1262 2912 pagg.
1283 2879 1343 2911 05,
1378 2881 1426 2909 ii,
1455 2880 1498 2910 49
1525 2871 1608 2902 adn.
1641 2880 1673 2909 ¹3
1715 2870 1930 2912 Legrand,

383 2922 401 2952 l.
422 2923 452 2954 l..
481 2934 512 2965 l'·
534 2934 610 2962 ⁴⁴²¹·
