2222 3417
893 269 1213 305 -109„„

278 375 508 412 enuntiata
541 373 744 420 causalia,
779 386 894 425 quae
928 373 1056 411 alteri
1089 373 1342 411 sententiae
1376 372 1629 423 postposita
1662 384 1750 409 non
1785 371 1825 409 in

278 446 398 483 exitu
429 458 584 484 versus
613 444 831 483 collocata
860 450 981 483 sunt:
1017 444 1166 482 inveni
1194 444 1236 481 in
1268 447 1480 494 quattuor
1508 441 1628 480 libris
1651 446 1824 479 tantum

277 514 358 552 hos
391 514 532 554 locos:

277 594 329 636 G.
342 596 373 643 Ι,
393 610 407 635 1
424 610 460 635 1:
593 596 708 635 ferte
727 596 853 635 simul
867 595 1100 647 Faunique
1120 596 1284 647 pedem
1302 594 1605 646 Dryadesque
1630 592 1824 644 puellae:

595 681 780 705 munera
808 672 959 706 vestra
993 679 1121 705 cano.

277 741 535 791 G.1V,358:
596 744 691 789 duc,
726 756 825 794 age,
860 744 944 782 duc
979 743 1035 781 ad
1069 755 1168 787 nos;
1203 741 1270 780 fas
1303 741 1360 780 illi
1394 741 1543 779 limina
1578 740 1724 778 divum

596 820 799 864 tangere.

275 889 330 928 A.
346 888 444 936 XII,
465 902 560 938 152:
593 895 639 928 tu
673 902 754 941 pro
787 902 1007 940 germano
1042 890 1076 927 si
1110 888 1215 939 quid
1248 889 1531 939 praesentius
1565 887 1715 934 audes,

594 973 756 1011 perge:
793 961 936 998 decet.

274 1029 329 1068 A.
345 1028 442 1075 ΧΠ,
464 1033 561 1079 158:
595 1038 671 1069 aut
703 1037 749 1068 tu
786 1029 899 1068 bella
933 1031 1000 1068 cie
1034 1034 1398 1080 conceptumque
1433 1033 1598 1066 excute
1630 1027 1806 1065 foedus:

594 1105 750 1138 auctor
784 1113 871 1150 ego
907 1099 1112 1138 audendi.

276 1175 327 1215 G.
342 1176 486 1225 L463:
593 1176 657 1214 soi
691 1176 770 1215 tibi
802 1177 932 1224 signa
966 1176 1102 1214 dabit.
1164 1173 1313 1214 Solem
1350 1175 1448 1225 quis
1482 1175 1632 1212 dicere
1667 1173 1823 1212 falsum

593 1246 781 1285 audeat?

275 1340 363 1378 quo
391 1328 489 1366 loco
517 1341 624 1367 vero
654 1330 931 1367 enuntiatum
969 1327 1146 1366 causale
1181 1333 1250 1365 est
1282 1327 1672 1377 interrogativum,
1706 1325 1826 1376 quod

275 1404 354 1445 est,
401 1404 448 1436 ut
486 1399 587 1445 dixi,
632 1400 776 1437 minus
820 1400 1008 1449 insigne.
1084 1396 1302 1435 Videmus
1348 1398 1484 1447 igitur
1530 1397 1661 1434 etiam
1710 1395 1826 1434 hanc

275 1470 472 1519 speciem
500 1470 608 1507 satis
635 1482 779 1507 raram
809 1482 907 1507 esse
940 1469 982 1506 in
1017 1468 1136 1506 libris
1171 1469 1328 1518 epicis:
1364 1467 1449 1505 huc
1484 1466 1671 1513 accedit,
1705 1465 1826 1516 quod

274 1539 317 1576 in
351 1539 405 1578 A.
420 1538 517 1585 XLI,
540 1552 613 1587 152
627 1552 690 1590 sq.
725 1545 769 1577 et
798 1541 950 1590 158sq.
984 1539 1097 1577 haec
1121 1539 1352 1576 enuntiata
1383 1536 1578 1575 causalia
1611 1549 1697 1574 non
1733 1542 1823 1573 tam

276 1609 331 1646 ad
352 1609 681 1659 simplicitatem
705 1610 924 1647 sermonis
946 1621 1077 1660 quam
1104 1608 1159 1646 ad
1181 1609 1449 1646 brevitatem
1475 1613 1519 1645 et
1540 1607 1826 1657 gravitatem,

275 1691 361 1729 qua
384 1679 494 1717 Iuno
519 1679 650 1717 deam
676 1680 892 1717 minorem
918 1679 1182 1730 adloquitur,
1212 1677 1551 1728 exprimendam
1584 1677 1825 1727 pertinent.

274 1772 328 1775 —
361 1761 394 1797 3.
424 1748 631 1800 Denique
662 1750 839 1799 saepius
868 1750 909 1786 in
942 1749 1061 1786 libris
1089 1749 1225 1798 epicis
1249 1747 1352 1785 talia
1377 1747 1609 1784 enuntiata
1632 1744 1826 1784 causalia

220 1834 221 1837 ¹
273 1819 569 1865 inveniuntur,
599 1832 714 1869 quae
746 1818 872 1856 alteri
900 1818 1153 1856 sententiae
1177 1818 1441 1868 interposita
1465 1822 1579 1866 sunt.
1628 1815 1824 1853 Plerum-

274 1901 361 1939 que
386 1901 492 1927 vero
516 1889 558 1926 id
584 1889 862 1926 enuntiatum
888 1901 975 1926 non
1006 1888 1152 1926 medio
1178 1888 1381 1926 membro
1408 1887 1717 1937 interpositum
1744 1890 1824 1932 est,

273 1958 349 1996 sed
385 1964 489 2009 post
521 1959 564 1996 id
598 1959 847 1996 membrum
884 1959 1247 2004 continuationis,
1281 1958 1338 1995 ad
1371 1957 1491 2008 quod
1526 1962 1720 2007 spectat,
1753 1955 1824 1993 cf.:

275 2038 473 2087 G.IV,8:
588 2039 810 2091 Principio
845 2040 978 2078 sedes
1012 2040 1170 2090 apibus
1203 2040 1428 2089 statioque
1462 2039 1674 2089 petenda,

590 2123 678 2161 quo
712 2124 860 2162 neque
895 2111 951 2149 sit
984 2111 1129 2148 ventis
1163 2110 1308 2148 aditus
1352 2110 1466 2158 (nam
1502 2108 1668 2159 pabula
1702 2108 1823 2146 venti

589 2180 707 2219 ferre
743 2181 920 2219 domum
956 2180 1211 2231 prohibent>
1245 2192 1391 2230 neque
1427 2191 1535 2217 oves
1570 2178 1793 2228 haedique

588 2248 770 2288 floribus
802 2250 1016 2288 insultent
1040 2281 1047 2288 .
1071 2280 1078 2287 .
1103 2280 1110 2287 .
1639 2247 1822 2299 [petulci

274 2324 325 2365 G.
339 2325 530 2372 1V‚206:
591 2338 701 2376 ergo
736 2326 853 2376 ipsas
887 2326 1090 2377 quamvis
1123 2325 1303 2376 angusti
1336 2325 1553 2362 terminus
1587 2325 1685 2362 aevi

589 2396 787 2447 excipiat
804 2397 966 2446 (neque
986 2396 1100 2433 enim
1122 2394 1219 2446 plus
1238 2396 1427 2445 septima
1452 2395 1626 2433 ducitur
1648 2394 1823 2441 aestas),

590 2470 636 2502 at
667 2478 813 2515 genus
846 2464 1095 2502 immortale
1131 2471 1283 2502 manet
1308 2496 1315 2503 .
1339 2496 1346 2503 .
1370 2496 1378 2503 .

274 2539 413 2586 G.1V‚
429 2543 530 2589 486:
587 2540 921 2591 ...redditaque
938 2539 1159 2591 Eurydice
1178 2553 1365 2592 superas
1384 2541 1597 2579 veniebat
1617 2539 1673 2578 ad
1692 2551 1821 2577 auras

588 2623 706 2661 pone
733 2623 928 2661 sequens
956 2611 1166 2661 (namque
1195 2611 1309 2648 hanc
1340 2611 1528 2648 dederat
1551 2609 1821 2658 Proserpina

1643 2678 1820 2727 legem),

589 2763 687 2789 cum
706 2751 853 2788 subita
870 2751 1096 2789 incautum
1124 2750 1351 2788 dementia
1374 2750 1494 2799 cepit
1518 2754 1743 2786 amantem

273 2827 328 2864 A.
343 2825 557 2875 X1L565:
590 2839 739 2877 nequa
768 2827 878 2864 meis
907 2832 1004 2864 esto
1037 2826 1165 2864 dictis
1195 2838 1319 2863 mora
1348 2824 1561 2875 (Iuppiter
1591 2824 1675 2861 hac
1705 2822 1819 2869 stat),

589 2909 675 2934 neu
703 2897 800 2947 quis
834 2897 891 2934 ob
924 2897 1151 2947 inceptum
1181 2895 1374 2933 subitum
1406 2893 1509 2931 mihi
1537 2894 1719 2943 segnior
1745 2893 1819 2929 ito.
