2222 3417
968 243 1259 290 -84—

336 361 377 398 in
403 372 491 411 quo
506 359 620 397 haec
640 359 850 410 repetitio
866 358 1097 409 anaphora
1111 371 1267 396 versus
1281 359 1513 409 sequentis
1532 359 1666 397 etiam
1684 363 1889 409 augetur,

338 428 522 481 Orphea
555 442 739 467 uxorem
782 429 987 467 amissam
1035 435 1169 467 cantu
1215 427 1521 467 celebrantem
1564 429 1744 467 inducit.
1806 428 1888 467 His

337 500 510 538 duobus
524 501 660 550 igitur
675 498 783 537 locis
799 497 1100 545 confirmatur,
1119 498 1241 550 quod
1254 511 1388 549 supra
1403 499 1550 544 statui,
1565 498 1698 537 talem
1724 499 1888 550 repeti-

336 571 503 608 tionem
545 570 601 608 ad
640 569 797 608 modos
831 570 1075 608 carminum
1111 567 1398 620 effingendos
1443 569 1611 620 optime
1646 570 1888 620 pertinere.

334 639 801 678 Animadvertendum
841 652 940 678 esse
975 645 1084 690 puto
1120 652 1207 677 non
1241 651 1386 690 pauca
1419 639 1628 690 exempla
1662 645 1798 690 atque
1833 651 1888 677 ea

336 709 657 748 notabilissima
690 710 880 748 inveniri
902 710 944 748 in
979 722 1033 747 ea
1061 715 1191 760 parte
1215 709 1309 748 libri
1334 707 1409 748 IV.
1433 706 1760 760 Georgicorum
1786 711 1882 760 (315

335 803 391 807 —-
407 783 516 829 558),
541 792 672 831 quam
697 781 753 818 ab
777 779 868 818 aliis
890 780 1045 818 horum
1070 779 1276 818 librorum
1297 780 1409 831 epici
1425 780 1606 830 generis
1622 778 1802 818 differre
1817 792 1888 818 su-

334 862 415 900 pra
431 849 631 888 diximus.
646 875 692 878 —
705 850 817 888 Item
835 849 1077 888 referenda
1092 855 1195 889 sunt
1211 850 1267 888 ad
1279 851 1477 889 carmina
1490 849 1786 901 exprimenda
1798 851 1885 887 duo

334 921 633 971 insignissima
657 919 876 971 exempla,
908 933 1023 971 quae
1049 922 1091 958 in
1117 920 1278 971 epyllio
1303 918 1460 959 Catulli
1484 921 1779 965 inveniuntur,
1813 917 1887 958 cf.:

365 1014 435 1049 24:
546 1015 638 1040 vos
672 1015 760 1053 ego
797 1015 935 1053 saepe
971 1015 1083 1049 meo,
1117 1015 1208 1041 vos
1241 1003 1438 1041 carmine
1472 1001 1769 1053 compellabo.

335 1086 438 1132 326:
1066 1085 1148 1123 sed
1181 1097 1271 1130 vos,
1305 1097 1420 1136 quae
1454 1084 1547 1122 fata
1581 1090 1841 1136 sequuntur,

547 1156 746 1193 currite
782 1155 1000 1193 ducentes
1033 1156 1334 1206 subtegmina,
1367 1155 1567 1193 currite
1602 1153 1698 1193 fusi.

334 1249 407 1299 qui
441 1261 596 1286 versus
632 1248 794 1286 deinde
828 1249 1006 1299 saepius
1034 1249 1309 1287 intercalaris
1332 1249 1508 1299 legitur.
1560 1247 1651 1286 Iam
1678 1253 1883 1299 apertum

333 1324 401 1356 est
434 1319 474 1356 in
509 1331 639 1356 versu
671 1331 735 1367 24.
769 1317 957 1369 figuram
996 1320 1181 1357 inveniri
1213 1325 1469 1370 propterea,
1503 1318 1625 1370 quod
1657 1324 1795 1369 poeta
1829 1318 1887 1356 ad

332 1401 380 1426 se
414 1389 555 1439 ipsum
592 1394 832 1427 canentem
867 1395 1068 1440 spectat;
1108 1402 1263 1427 versus
1302 1388 1592 1428 intercalares
1633 1395 1780 1427 autem
1822 1389 1885 1426 sic

332 1460 608 1509 compositos
648 1456 857 1505 Catullus,
903 1460 997 1510 ipse
1044 1472 1223 1511 quoque
1263 1458 1551 1498 Theocritum
1595 1465 1788 1504 secutus,
1828 1458 1886 1497 ad

332 1535 511 1567 cantum
536 1528 776 1567 Parcarum
813 1530 992 1567 auribus
1026 1531 1170 1580 magis
1204 1528 1513 1580 effingendum
1539 1529 1760 1574 adhibuit:
1795 1541 1884 1580 qua

333 1599 387 1637 de
430 1612 478 1637 re
524 1607 648 1638 recte
694 1599 910 1650 judicavit
954 1598 1005 1638 G.
1038 1598 1221 1651 Lafaye,
1256 1598 1425 1638 Catulle
1473 1605 1518 1637 et
1562 1612 1634 1637 ses
1673 1597 1886 1645 modeles,

329 1668 454 1707 Paris
485 1674 605 1719 1894,
638 1682 744 1721 pag.
775 1676 872 1719 109:
917 1668 1127 1721 „Chaque
1161 1670 1345 1721 strophe
1372 1701 1380 1709 .
1405 1701 1412 1708 .
1436 1701 1444 1708 .
1467 1701 1475 1708 .
1498 1683 1546 1707 se
1579 1670 1771 1707 termine
1804 1681 1887 1720 par

332 1753 387 1777 un
434 1739 621 1782 refrain:
669 1753 720 1778 ce
762 1753 864 1778 vers
893 1771 900 1778 .
928 1771 935 1779 .
959 1771 967 1779 .
990 1771 998 1779 .
1027 1740 1207 1790 produit
1240 1739 1533 1791 l'impression
1570 1739 1672 1778 d'un
1709 1751 1886 1778 accom-

330 1816 613 1861 pagnement
637 1810 832 1855 musical,
857 1811 967 1849 dont
990 1810 1028 1848 le
1052 1810 1243 1862 rythme,
1267 1810 1400 1849 d’une
1418 1812 1675 1849 monotonie
1693 1808 1886 1856 e'tudiee,

330 1881 416 1918 suit
450 1880 512 1918 les
546 1888 862 1919 mouvements
897 1881 951 1919 de
978 1880 1094 1919 leurs
1117 1880 1268 1932 (loigts
1292 1879 1618 1931 infatig·ables.“
1668 1878 1885 1918 Videmus

331 1951 468 2001 igitur
491 1951 605 1989 hanc
630 1950 1080 2001 conduplicationem,
1105 1951 1185 1989 nisi
1209 1952 1249 1989 in
1276 1951 1424 1989 verbis
1447 1951 1667 2001 gravioris
1693 1949 1886 1988 affectus

332 2020 474 2072 plenis
520 2021 719 2059 adhibita
765 2027 835 2059 est
874 2027 949 2058 aut
988 2022 1135 2059 verius
1173 2020 1527 2059 variata'forma
1564 2020 1885 2071 geminationis

333 2091 542 2130 habenda
572 2098 651 2138 est,
683 2098 832 2142 aptam
861 2104 959 2129 esse
985 2091 1041 2130 ad
1066 2091 1268 2130 modulos
1292 2092 1535 2130 carminum
1563 2089 1885 2142 exprimendos

332 2168 468 2212 atque
514 2169 760 2212 propterea
800 2175 824 2199 a
860 2160 1059 2212 Vergilio
1101 2162 1343 2212 praecipue
1385 2163 1426 2199 in
1466 2174 1637 2212 genere
1679 2160 1882 2199 bucolico

334 2238 587 2282 usurpatam
624 2244 740 2270 esse.

450 2313 606 2364 Itaque
641 2315 908 2364 quaerimus,
942 2326 1042 2351 num
1082 2314 1123 2352 id
1159 2326 1338 2365 quoque
1373 2312 1604 2352 artificium
1642 2326 1665 2349 e
1696 2311 1884 2352 Graecis

333 2382 490 2434 idylliis
524 2383 736 2422 bucolicis
769 2385 1021 2434 sumpserit.
1090 2383 1184 2422 Hac
1225 2385 1263 2421 in
1306 2384 1571 2434 quaestione
1613 2384 1771 2421 iustum
1814 2387 1884 2420 est

333 2454 624 2504 repetitiones
674 2460 719 2491 et
764 2453 1046 2492 articulorum
1095 2460 1141 2491 et
1187 2452 1503 2504 particularum
1556 2453 1884 2503 negativarum,

334 2536 448 2573 (luae
483 2523 702 2561 vocabula
749 2524 787 2561 in
835 2523 987 2573 lingua
1027 2522 1202 2562 Graeca
1242 2536 1401 2574 saepe,
1441 2523 1654 2573 imprimis
1688 2523 1728 2560 in
1764 2535 1884 2560 asse-

334 2593 648 2638 verationibus,
671 2593 733 2631 sic
751 2594 912 2631 iterata
927 2606 1026 2631 esse
1054 2600 1205 2631 notum
1233 2599 1312 2638 est,
1331 2593 1711 2644 praetermittere.
1756 2591 1879 2630 Haec

334 2662 540 2713 exempla
575 2664 614 2701 in
654 2663 875 2702 Bucolicis
909 2663 1134 2702 Theocriti
1171 2670 1427 2702 occurrunt:

342 2748 438 2791 1.()4
456 2751 556 2782 eto:
610 2744 803 2796 ’Άρχετε
834 2745 1086 2796 βουκολικῆς
1119 2744 1275 2784 ΔἲῙοῒστιι
1307 2744 1431 2796 φίλαι,
1464 2743 1627 2796 ἄρχετ’
1661 2743 1816 2787 ἀοιδᾶς.

341 2820 558 2862 1,94‹ete.:
612 2814 654 2852 ’Ά
668 2830 806 2866 ρχετε
837 2815 1088 2866 βυυκολικᾶς
1121 2814 1290 2859 ᾸΙοῖσαι,
1322 2814 1444 2854 πάλιν
1475 2813 1638 2866 (ἵρχετ’
1673 2813 1828 2855 ἀοιδᾶς.

341 2896 370 2927 1,
394 2896 466 2932 ¹27
486 2892 586 2923 etex:
620 2884 803 2936 ,Ιήγετε
834 2885 1086 2936 βουκολικᾶς
1119 2884 1287 2929 ,ὶΙυῖσαι,
1321 2886 1374 2923 ἴτε
1405 2884 1563 2936 λήγετ’
1598 2883 1752 2926 ἀοιδᾶς.
