2222 3417
934 274 1221 310 ,29-

304 385 485 430 portant
535 377 702 430 parfois
753 378 864 417 dans
904 377 1099 416 d'autres
1144 377 1297 429 pieces
1337 390 1388 416 ce
1431 378 1505 429 qui
1544 379 1784 416 convenait
1829 376 1856 415 a

303 448 510 495 celles-la,
542 449 769 500 peut-&tre
804 447 945 500 agit-il
979 461 1082 486 sans
1116 449 1336 486 intention
1366 461 1594 499 expresse,
1628 461 1709 499 par
1731 448 1854 486 habi-

303 519 447 558 tude.“
515 517 807 570 Quamquam.
838 519 950 557 haec
993 520 1198 557 universe
1231 518 1468 569 probanda
1502 530 1601 556 esse
1635 519 1855 564 existimo,

303 591 368 628 vir
406 590 565 628 doctus
605 590 806 628 debebat
844 589 1091 628 admonere
1131 590 1237 627 talia
1276 590 1317 627 in
1357 588 1538 639 reliquis
1584 588 1855 626 carminibus

305 660 441 699 multo
487 661 626 698 rarius
671 660 859 698 inveniri
904 672 1038 711 quam
1084 660 1125 697 in
1173 658 1397 697 bucolicis
1462 656 1592 708 Quod
1639 664 1685 696 ut
1729 664 1855 696 certo

304 738 617 779 cognoscatur,
652 732 736 769 iarn
771 729 1001 769 conferam
1028 729 1237 780 exempla
1261 730 1354 767 eius
1379 729 1693 767 concinnitatis
1717 729 1854 766 hemi-

303 801 560 839 stichiorum
585 814 642 839 ex
663 801 933 840 carminibus
957 813 1043 838 non
1068 799 1292 841 bucolicis.
1322 811 1507 850 quorum
1533 803 1690 837 auctor
1711 797 1855 836 Theo-

303 871 439 908 critus
473 877 598 910 certo
632 871 894 910 iudicandus
927 870 1054 918 est:¹)
1088 869 1246 920 idylliis
1277 882 1312 915 2,
1344 882 1405 916 12,
1434 881 1494 917 13,
1525 882 1585 917 14,
1615 881 1675 917 15,
1705 870 1765 915 16,
1795 880 1855 918 17,

314 943 371 986 18,
409 953 473 987 22,
510 954 574 990 24,
611 944 675 988 28,
712 954 778 990 29,
815 954 879 990 30.
944 939 1070 991 Quae
1116 941 1315 978 carmina
1360 952 1458 978 cum
1501 945 1591 977 tam
1632 939 1853 977 variorum

304 1024 521 1061 generum
557 1011 800 1050 litterarum
838 1013 936 1056 sint,
969 1011 1221 1062 praestabit
1254 1011 1471 1055 carmina,
1504 1022 1620 1059 quae
1655 1008 1853 1046 eiusdem

305 1081 399 1120 fere
422 1083 603 1133 generis
624 1088 738 1128 sunt,
760 1081 886 1120 simul
909 1088 1117 1120 tractare.
1138 1105 1189 1107 —
1208 1079 1402 1118 Primum
1428 1080 1468 1117 in
1494 1080 1637 1116 mimis
1661 1079 1856 1117 urbanis:

305 1152 358 1190 id.
384 1165 419 1199 2,
448 1166 508 1201 14.
538 1165 583 1200 15
620 1152 663 1190 111
696 1165 852 1190 versus
886 1150 1178 1189 enumerandi
1211 1156 1331 1189 sunt:

589 1239 597 1253 1
776 1240 786 1254 -3
1014 1238 1022 1252 1
1271 1238 1281 1252 2
1529 1237 1539 1251 ·.‘

312 1271 371 1306 15,
389 1260 429 1296 6:
515 1262 648 1310 παντᾷ
679 1257 886 1310 κρηπῖὸες,
917 1256 921 1310 Ι
949 1261 1082 1309 παντᾷ
1114 1255 1435 1308 χλαμυὸηφόροι
1467 1255 1624 1306 ἄνδρες.

547 1332 555 1346 l
657 1334 668 1348 ”.’
846 1331 856 1347 3
1153 1331 1161 1345 l
1269 1332 1279 1346 ’Ξ
1469 1330 1480 1345 3

314 1353 432 1399 15,8;
518 1352 578 1395 ὡς
609 1351 719 1403 ἔτυμ’
754 1351 963 1390 ἑστάκαντι
993 1350 996 1403 l
1025 1351 1092 1389 καὶ
1127 1350 1187 1393 ὡς
1219 1349 1329 1401 ἔτυμ’
1365 1349 1589 1388 ἕινὸιιέῦντι.

576 1426 584 1440 1
709 1426 720 1441 2
845 1424 855 1439 3
1070 1424 1079 1438 1
1234 1424 1244 1439 -3
1351 1424 1362 1439 2
1517 1422 1527 1438 3

313 1457 372 1493 15,
394 1448 489 1493 146:
518 1445 635 1497 ὀλβία
668 1445 769 1484 ὅσσα
803 1445 914 1488 ioan,
944 1442 948 1498 Ι
976 1443 1178 1495 πανολβία
1212 1443 1272 1487 ὡς
1305 1442 1431 1494 γλυκὺ
1464 1446 1604 1494 φωνεῖ.

546 1519 554 1534 1
803 1520 814 1534 -3
1106 1518 1115 1532 1
1364 1518 1374 1532 2·
1635 1517 1645 1532 τ

313 1541 490 1587 15,128;
515 1538 587 1578 τὰν
617 1538 694 1590 μὲν
726 1538 888 1589 Κύπρις
920 1539 1012 1590 ἔχει,
1042 1537 1045 1582 Ι
1074 1537 1146 1576 τάν
1179 1537 1242 1575 (δ’ὁ
1276 1536 1518 1588 ῥοδόπαχυς
1541 1535 1726 1578 Ἄδωνις.

338 1646 461 1681 2,15;
517 1633 725 1684 φάρμακα
757 1632 865 1671 ταῦτ’
900 1631 1067 1683 ἔρδοισα
1099 1632 1286 1683 χερείονα
1318 1632 1420 1682 μήτε
1451 1646 1483 1669 τι
1515 1629 1676 1681 [ι’ίρκης

565 1707 573 1721 l
810 1708 820 1722 2
1012 1707 1019 1721 l
1165 1707 1175 1721 ‘2
1399 1706 1410 1720 4ζ’

516 1727 618 1778 μήτε
649 1742 682 1765 τι
714 1725 904 1778 ΛΠηὸείοῑς
933 1724 936 1778 l
964 1727 1066 1777 μήτε
1099 1726 1256 1771 ξανθᾶς
1288 1723 1544 1776 Περιμήὸας.

624 1801 633 1815 1
823 1802 833 1815 -2
1154 1800 1163 1814 1
1283 1800 1294 1815 *z
1531 1812 1535 1814 .
1624 1798 1635 1812 -z

339 1832 460 1868 2,43:
517 1820 558 1863 ἒς
588 1819 672 1871 τρὶς
705 1819 956 1858 ἀποσπένὸω
988 1817 991 1863 1
1020 1819 1087 1857 καὶ
1120 1819 1203 1870 τρὶς
1233 1818 1340 1863 τάὸε,
1373 1817 1528 1861 πότνια,
1561 1819 1708 1868 φωνῶ.

425 1913 496 1952 De
543 1915 605 1952 eis
650 1913 1095 1952 commemorandum
1144 1918 1213 1950 est
1257 1913 1297 1950 in
1345 1911 1424 1949 illis
1470 1911 1609 1948 tribus
1654 1910 1858 1948 versibus

309 1984 362 2023 id.
392 1998 458 2033 15;
493 1987 528 2031 ὁ,
552 1987 617 2029 82,
648 1990 724 2032 140
760 1983 966 2022 mulieres
1001 1984 1150 2021 dicere
1184 1996 1232 2020 se
1267 1981 1432 2033 aliquid
1464 1980 1593 2019 valde
1628 1980 1856 2023 admirari;

309 2055 460 2105 itaque
493 2063 630 2105 poeta
664 2053 776 2092 illam
814 2053 1002 2103 figuram
1038 2054 1281 2104 praecipue
1317 2052 1371 2090 ad
1406 2064 1505 2089 eum
1541 2050 1752 2088 affectum
1783 2063 1857 2087 ex-

309 2125 589 2175 primendum
626 2124 881 2163 adhibuisse
914 2124 1109 2169 videtur,
1148 2123 1190 2161 id
1231 2123 1350 2174 quod
1389 2123 1431 2160 in
1466 2120 1685 2159 Bucolicis
1719 2119 1859 2158 semel

309 2201 481 2233 tantum
531 2197 581 2244 (8,
618 2198 686 2244 82)
732 2201 821 2233 tam
868 2194 1001 2245 plane
1047 2195 1324 2232 observatur.
1386 2192 1433 2230 In
1468 2204 1505 2230 v.
1542 2204 1601 2239 15,
1638 2193 1714 2228 128
1755 2202 1858 2228 con-

311 2265 500 2302 cinnitas
524 2271 701 2303 constat
725 2271 907 2316 praeter
930 2263 1149 2302 vocabula
1178 2262 1443 2301 correlativa
1472 2267 1645 2299 tantum
1674 2259 1858 2310 singulis

311 2335 575 2381 nominibus,
609 2335 730 2386 quod
762 2336 803 2372 in
838 2333 1051 2372 bucolicis
1079 2332 1298 2383 exemplis
1321 2331 1460 2370 semel
1484 2334 1565 2381 (11,
1590 2330 1657 2379 58)
1683 2335 1857 2367 tantum

310 2405 552 2453 inveniturg
613 2405 846 2443 antithesis
899 2405 1034 2455 igitur
1087 2402 1452 2455 aequabilitatem
1511 2402 1637 2452 quasi
1689 2400 1859 2450 genuit.

312 2473 582 2525 Symmetria
617 2488 772 2512 versus
798 2487 833 2521 2,
862 2477 910 2512 16
945 2488 967 2512 a
1002 2479 1139 2524 poeta
1172 2473 1386 2523 imprimis
1420 2472 1476 2509 ad
1509 2483 1690 2509 carmen
1725 2482 1859 2508 vene-

312 2544 423 2583 ficae
450 2545 569 2583 bene
592 2544 889 2583 inchoandum
914 2544 1114 2582 adhibita
1135 2556 1233 2581 esse
1262 2542 1457 2582 videtur:
1482 2543 1589 2579 item
1613 2552 1769 2579 versus
1792 2551 1858 2587 43.

313 2614 449 2665 lyrico
484 2615 733 2653 characteri
766 2614 1018 2653 cantilenae
1053 2614 1307 2664 aptissimus
1341 2611 1461 2660 est.'2)
1524 2611 1734 2660 Denique
1770 2622 1861 2647 om-

434 2742 458 2782 1)
486 2741 536 2774 Cf.
557 2741 800 2780 Susemihl,
826 2741 847 2772 1.
867 2751 896 2772 c.
922 2750 1029 2782 pagg.
1051 2749 1178 2781 214sq.

432 2800 456 2841 ἵ)
485 2800 744 2831 Adnotandum
772 2800 857 2831 mihi
885 2803 942 2831 est
968 2798 1112 2829 omnino
1140 2798 1174 2829 in
1201 2798 1271 2829 hoc
1299 2796 1457 2828 carmine
1486 2795 1623 2827 similes
1643 2804 1771 2825 versus
1789 2802 1861 2824 non

315 2869 413 2891 raros
432 2868 528 2896 esse,
548 2859 664 2891 velut:
693 2861 747 2897 82,
776 2860 830 2897 98,
863 2867 936 2898 113,
958 2860 1011 2898 38,
1032 2867 1123 2899 quos
1140 2866 1231 2888 vero
1250 2866 1296 2887 ne
1315 2866 1424 2897 supra
1443 2862 1706 2890 enumerarem,
1729 2851 1862 2883 normis

315 2917 562 2949 severioribus
588 2917 672 2949 mihi
699 2917 844 2949 statutis
872 2916 991 2958 (pagg.
1012 2915 1134 2958 9sqq)
1163 2913 1359 2957 impeditus
1387 2923 1478 2945 sum.
