2222 3417
935 205 1226 253 —93—

306 331 429 369 5,32:
515 320 617 358 vitis
651 326 697 357 ut
730 320 965 358 arboribus
999 320 1180 358 decori
1213 327 1293 367 est,
1327 325 1374 358 ut
1406 321 1569 360 vitibus
1603 333 1727 367 uvae,

517 396 565 427 ut
597 390 816 440 gregibus
848 390 974 437 tauri,
1006 395 1192 441 segetes
1227 396 1274 428 ut
1305 391 1548 441 pinguibus
1581 391 1709 441 arvis,

514 466 562 497 tu
597 459 758 498 decus
793 472 925 498 omne
958 461 1056 498 tuis.

311 540 342 573 1,
363 541 431 577 19:
516 527 687 567 Urbem
725 542 856 581 quam
893 530 1046 567 dicunt
1080 528 1286 577 Romam,
1319 529 1554 576 Meliboee,
1587 531 1741 582 putavi

514 598 674 637 stultus
697 612 785 650 ego
807 600 907 638 huic
930 607 1110 638 nostrae
1132 600 1372 646 similem,
1394 612 1482 651 quo
1505 613 1642 652 saepe
1661 600 1856 640 solemus

516 675 722 719 pastores
757 671 901 707 ovium
938 676 1120 709 teneros
1153 670 1379 721 depellere
1413 669 1542 709 fetus.

514 740 576 777 sic
610 740 796 777 canibus
829 740 1001 778 catulos
1034 740 1249 787 similes,
1281 741 1344 779 sic
1377 741 1594 780 matribus
1627 741 1797 780 haedos

516 821 684 855 noram,
717 811 779 848 sic
813 811 961 861 parvis
994 823 1270 862 componere
1306 824 1472 863 magna
1505 810 1718 850 solebam.

422 901 490 940 Ex
522 902 588 941 his
621 903 840 954 exemplis
870 906 1160 954 cognoscitur
1188 907 1337 943 verbis
1359 906 1422 944 sic
1446 906 1514 943 bis
1536 905 1744 944 adhibitis
1767 917 1856 944 ser-

306 983 483 1010 monem
518 972 830 1024 simpliciorem
868 972 996 1020 effici‚
1030 975 1238 1025 quoniam
1275 975 1309 1013 is
1343 976 1417 1026 qui
1450 974 1646 1027 loquitur
1673 974 1743 1014 illo
1769 987 1855 1014 uno

305 1041 523 1081 vocabulo
557 1056 604 1081 se
639 1050 899 1082 contentum
935 1045 1139 1095 praebet.
1191 1044 1282 1083 Iam
1320 1045 1677 1096 exspectandum
1711 1051 1779 1084 est
1812 1046 1856 1083 in

304 1111 423 1149 libris
461 1112 560 1151 stilo
601 1113 756 1151 altiore
803 1122 848 1152 et
892 1116 1141 1165 copiosiore
1181 1116 1447 1167 conscriptis
1475 1114 1725 1166 Vergilium
1767 1128 1855 1154 non

303 1181 418 1219 idem
460 1183 645 1221 verbum
687 1184 729 1221 in
772 1184 962 1235 utroque
1003 1186 1206 1224 membro
1249 1187 1598 1237 comparationis
1642 1187 1856 1236 posuisse,

303 1251 382 1289 sed
410 1253 532 1290 varia
571 1254 712 1291 verba
751 1254 964 1292 adhibere
1006 1255 1228 1301 maluisse,
1271 1257 1349 1294 nisi
1390 1257 1431 1293 in
1472 1255 1612 1294 altero
1653 1256 1855 1295 membro

302 1322 488 1360 verbum
531 1324 688 1362 omisit.
757 1324 813 1362 Et
850 1337 1009 1363 revera
1048 1326 1089 1363 in
1130 1325 1209 1364 illis
1254 1332 1467 1377 quattuor
1508 1325 1626 1365 libris
1665 1324 1856 1378 Georgi-

303 1403 452 1429 corum
490 1399 536 1430 et
573 1394 786 1432 Aeneidis
817 1395 978 1433 nullum
1011 1395 1265 1447 exemplum
1299 1397 1533 1443 invenitur,
1566 1398 1645 1435 nisi
1669 1397 1789 1448 quod
1813 1397 1853 1435 in

304 1459 444 1509 G.IV,
461 1475 676 1512 507—515
703 1465 860 1503 verba:
888 1464 1071 1513 „flesse·‘
1098 1472 1143 1504 et
1169 1465 1299 1515 „flet‘·
1326 1474 1371 1505 et
1394 1468 1436 1505 in
1453 1466 1851 1517 A.X11,684—691

302 1532 442 1570 verba
481 1534 616 1581 ..ruit“
654 1541 699 1572 et
736 1535 873 1583 ,‚ruit·''·
906 1535 974 1573 bis
1008 1536 1208 1574 adhibita
1236 1543 1358 1577 sunt:
1392 1537 1474 1575 sed
1504 1537 1608 1575 talia
1637 1550 1725 1576 non
1755 1549 1855 1576 cum

303 1601 381 1639 illis
420 1601 528 1641 locis
567 1603 824 1654 eclogarum
869 1604 1062 1644 conferri
1109 1607 1296 1652 debent,
1343 1608 1445 1658 quia
1487 1608 1625 1645 verba
1662 1609 1858 1659 repetita

302 1684 390 1710 non
424 1672 563 1711 solum
600 1675 743 1725 quinis
778 1676 980 1714 versibus
1014 1676 1231 1715 disiuncta
1265 1682 1387 1722 sunt,
1427 1678 1507 1715 sed
1547 1678 1681 1715 etiam
1720 1690 1856 1716 enun-

302 1742 510 1781 tiatorum
548 1757 634 1781 nou
671 1746 982 1784 continuorum
1013 1752 1126 1793 sunt,
1161 1753 1207 1784 ut
1230 1748 1439 1798 repetitio
1465 1760 1604 1798 aegre
1627 1749 1856 1787 sentiatur.

422 1812 586 1851 Eadem
645 1815 817 1853 ratione
863 1815 1130 1854 Theocritus
1182 1818 1223 1854 in
1274 1817 1494 1856 Bucolicis
1547 1817 1856 1857 similitudines

304 1882 464 1921 eodem
499 1885 640 1922 verbo
674 1885 714 1922 in
754 1893 943 1937 utroque
985 1887 1188 1925 membro
1229 1887 1430 1926 adhibito
1470 1889 1741 1939 composuit:
1780 1887 1854 1928 εἰς

306 1987 427 2025 7,97;
512 1976 659 2015 τόσσον
691 1977 778 2030 ἐρᾷ
810 1977 1021 2029 λΙιρτοῦς,
1055 1979 1154 2019 ὅσον
1186 1981 1324 2030 εἴαρος
1356 1981 1465 2032 αἶγες
1497 1981 1706 2032 ἔρανται.

302 2047 339 2090 8,
357 2047 428 2085 88:
513 2047 574 2091 ὡς
604 2047 680 2098 μὲν
712 2048 735 2086 ὁ
766 2052 862 2092 παῖς
894 2049 1022 2101 ἐχάρη
1055 2050 1125 2089 καὶ
1158 2050 1371 2090 ἀνάλατο
1403 2052 1471 2090 καὶ
1503 2051 1736 2105 πλατάγησε

514 2118 695 2163 νικάσας,
729 2119 862 2162 οὕτως
894 2119 956 2158 ἐπὶ
988 2121 1148 2171 ματέρα
1182 2120 1327 2171 νεβρὸς
1359 2122 1536 2160 ἅλοιτο.

419 2207 691 2249 Conferendi
726 2220 827 2250 sunt
863 2212 904 2250 hi
939 2225 1118 2264 quoque
1153 2227 1320 2260 versus,
1357 2216 1437 2253 etsi
1475 2215 1515 2253 in
1550 2215 1600 2253 iis
1633 2228 1721 2254 non
1755 2228 1855 2267 pro-

301 2280 425 2330 priae
459 2281 765 2320 similitudines
802 2282 1031 2333 leguntur:
1073 2297 1130 2322 ex
1168 2285 1218 2322 iis
1255 2286 1600 2336 repetitionibus
1638 2287 1855 2337 cognosci

302 2356 453 2400 potest
477 2350 581 2389 talia
605 2352 722 2390 bene
746 2364 843 2390 cum
871 2353 971 2392 stilo
995 2354 1263 2404 simpliciore
1290 2357 1552 2394 convenire:
1584 2356 1638 2395 id.
1659 2369 1690 2395 1.
1707 2369 1853 2408 23sq.:

301 2419 626 2473 deloncaeqloac,
650 2435 761 2469 5,52:
783 2423 943 2462 ὄσὸοντι
960 2443 1000 2454 «⁷
1018 2424 1163 2468 ὄσὸεις,
1192 2436 1298 2469 10‚2:
1320 2424 1431 2475 ἄγειν
1448 2445 1486 2456 κ
1503 2423 1610 2476 ἆγες,
1634 2439 1854 2478 5,1108q.:

301 2489 478 2539 ἔρεῦίζω
499 2511 541 2521 ›s‹
563 2492 775 2542 ἐρεθίζετε.
829 2493 893 2530 At
928 2494 1028 2531 mihi
1059 2495 1397 2533 concedendum
1425 2502 1493 2533 est
1517 2508 1851 2548 nonnumquam

301 2560 433 2597 etiam
460 2561 500 2599 in
525 2561 702 2613 reliquis
726 2562 882 2613 idylliis
900 2563 1186 2602 Theocritum
1211 2565 1272 2603 ita
1293 2565 1333 2603 in
1356 2563 1713 2604 similitudinibus
1734 2567 1852 2605 idem

302 2630 485 2669 verbum
522 2631 590 2669 bis
623 2632 898 2678 adhibuisse:
940 2647 1085 2685 neque
1123 2635 1239 2686 apud
1275 2635 1522 2674 Homerum
1559 2649 1613 2674 eu
1645 2637 1852 2687 repetitio

301 2712 399 2737 rura
434 2708 514 2739 est.
567 2702 785 2741 Attamen
822 2704 937 2749 inde,
971 2705 1089 2755 quod
1116 2703 1341 2756 Vergilius
1372 2718 1467 2743 eam
1503 2707 1543 2744 in
1572 2705 1692 2744 libris
1715 2707 1854 2758 epicis

302 2781 447 2819 paene
489 2772 655 2814 vitavit,
700 2774 807 2810 satis
853 2774 1112 2825 intelligitur
1155 2788 1251 2813 eum
1295 2775 1436 2814 altiori
1475 2777 1669 2814 sermoni
1710 2777 1852 2815 minus

302 2846 451 2889 aptam
489 2854 588 2879 esse
624 2855 755 2893 quum
792 2843 1060 2895 simplicitati
1096 2845 1420 2885 Bucolicorum.
