2222 3417
892 283 1182 321 —77-

380 388 598 440 Exempla
666 388 792 426 huius
859 388 1148 439 symmetriae
1213 388 1420 439 quoniam
1487 388 1530 425 in
1592 386 1812 426 Bucolicis

263 458 490 498 Theocriti
527 460 635 497 satis
674 458 929 510 frequentia
962 471 1061 496 esse
1095 458 1401 509 cognovimus,
1435 457 1539 495 talia
1573 459 1614 496 in
1649 458 1812 496 ceteris

263 530 531 568 carminibus
565 529 762 568 eiusdem
798 528 1059 580 quaerenda
1091 534 1205 567 sunt.
1257 527 1323 566 Ex
1355 527 1513 579 idylliis
1548 540 1582 574 2,
1603 541 1664 576 14,
1685 540 1746 576 15,
1769 527 1812 565 hi

260 612 416 638 versus
449 599 529 638 soli
562 599 709 638 afferri
742 605 950 650 possunt:

264 693 298 727 2,
317 683 387 720 28:
472 681 532 725 ὡς
563 685 706 720 τοῦτον
737 680 806 720 τὸν
837 680 969 732 κηρὸν
1003 680 1085 732 ἐγὼ
1119 679 1192 719 σὺν
1226 679 1389 732 δαίμονι
1421 680 1550 723 τάκω,

473 753 534 795 ὣς
564 750 724 790 τάκοιθ)
750 750 817 790 ὑπ’
842 752 997 802 ἔρωτος
1028 751 1051 789 ὁ
1083 749 1275 794 ᾹΙύνδιος
1307 750 1452 789 αὐτίκα
1485 749 1645 800 Δέλφις.

472 822 560 873 χώς
593 821 734 861 δινεῖθ’
760 821 831 860 ὅδε
862 821 1023 873 ῥόμβος
1054 821 1077 860 ὁ
1109 821 1284 872 χάλκεος
1315 820 1360 865 ἒξ
1385 819 1642 871 Ἀφροδίτας,

473 893 533 936 ὣς
563 896 683 943 τῆνος
716 891 863 931 δινοῖτο
893 891 994 930 ποθ’
1019 891 1250 942 ἆμετέραισι
1283 890 1486 941 θύραισιν.

262 986 393 1024 quam
418 975 729 1025 symmetriam
755 987 781 1012 a
802 978 939 1024 poeta
963 973 1206 1011 adhibitam
1233 985 1331 1010 esse
1357 985 1445 1010 non
1469 971 1526 1009 ad
1541 972 1809 1009 suavitatem

262 1042 559 1090 efficiendam,
606 1050 653 1082 ut
697 1045 739 1082 in
779 1042 1010 1090 Bucolicis,
1049 1044 1129 1081 sed
1175 1043 1232 1080 ad
1275 1041 1420 1080 stilum
1463 1041 1722 1080 sollemnem
1766 1046 1812 1078 et

262 1115 387 1165 quasi
420 1115 616 1152 vinctum
651 1115 896 1151 carminum
932 1114 1208 1164 magicorum
1236 1112 1578 1163 exprimendum
1610 1112 1811 1149 arbitror.

261 1183 436 1222 Deinde
470 1185 512 1221 in
546 1182 694 1234 idyllio
736 1185 796 1221 18.
830 1183 871 1221 hi
904 1196 1060 1238 versus
1093 1183 1396 1221 inveniuntur:

262 1279 286 1313 4
293 1278 333 1314 3:
470 1267 625 1316 πρᾶταί
653 1281 713 1305 τοι
746 1267 948 1317 στέφανον
979 1265 1100 1304 λωτῶ
1133 1264 1264 1316 χαμαὶ
1296 1264 1546 1315 αὖξομένοιο

470 1336 667 1382 πλέξασαι
700 1335 866 1386 σκιερὰν
897 1336 1193 1387 καταθήσομεν
1225 1335 1265 1377 ἒς
1296 1334 1575 1372 πλατάνιστον.

470 1409 621 1456 πρᾶται
655 1405 690 1444 δ’
715 1406 920 1456 ἀργυρέας
952 1406 997 1450 ἒξ
1028 1405 1197 1447 ὄλπιδος
1231 1403 1358 1455 ὑγρὸν
1390 1403 1566 1455 ἄλειφαρ

470 1476 694 1527 λαζύμεναι
726 1477 947 1527 σταξεῦμες
979 1474 1061 1514 ὑπὸ
1093 1474 1259 1525 σκιερὰν
1289 1474 1567 1519 πλατάνιστον,

261 1571 348 1609 quo
372 1557 470 1596 loco
496 1559 773 1596 concinnitas
798 1558 1011 1608 imprimis
1035 1556 1329 1596 collocatione
1355 1555 1529 1606 aequali
1548 1556 1808 1593 verborum:

258 1631 421 1678 πρᾶται,
468 1627 746 1673 πλατάνιστον,
786 1627 983 1672 πλέξασαι
1023 1651 1075 1654 -
1114 1626 1337 1677 λαζύμεναι
1384 1624 1692 1669 confirmatur;
1740 1625 1809 1663 hic

260 1689 418 1735 iterum
455 1697 657 1736 videmus
691 1696 936 1742 artificium,
977 1697 1097 1748 quod
1135 1697 1175 1734 in
1217 1697 1344 1747 poesi
1382 1695 1585 1734 bucolica
1619 1695 1811 1733 libenter

261 1767 507 1805 adhibitum
553 1774 632 1813 est,
666 1769 798 1805 etiam
840 1769 881 1805 in
917 1767 1202 1817 epithalamio
1237 1778 1486 1804 occurrere.
1549 1764 1726 1803 Deinde
1766 1766 1807 1802 in

261 1838 486 1883 encomiis,
526 1837 579 1875 id.
620 1841 680 1876 10.
714 1843 759 1875 et
799 1849 871 1886 17.‚
915 1837 1014 1874 talis
1052 1837 1313 1887 symmetria
1353 1836 1557 1874 binorum
1599 1847 1807 1873 versuum

260 1920 360 1945 raro
395 1908 677 1948 observatur:
712 1919 813 1945 nam
848 1912 1030 1957 praeter
1053 1906 1273 1957 exempla,
1298 1918 1486 1957 quorum
1512 1903 1808 1960 aequabilitas

261 1978 404 2015 minor
456 1983 524 2015 est
576 1989 706 2028 quam
765 1982 812 2014 ut
856 1989 1121 2014 enumerare
1167 1975 1311 2022 velim,
1355 1975 1495 2013 velut:
1558 1977 1808 2025 16‚34sqq.‚

267 2048 515 2098 16‚76sqq.,
555 2049 804 2098 17‚98sqq.‚
837 2053 1010 2085 tantum
1047 2046 1089 2084 hi
1122 2058 1273 2083 versus
1307 2044 1564 2096 proferendi
1599 2051 1720 2083 sunt:

268 2139 327 2177 17,
349 2141 386 2166 1:
466 2127 538 2166 Ἐκ
574 2127 667 2171 Διὸς
699 2128 961 2180 ἀρχώμεσθα
993 2128 1061 2167 καὶ
1094 2128 1135 2171 ἔς
1167 2127 1241 2166 Δία
1273 2127 1412 2179 λήγετε
1444 2126 1614 2172 Mozoac,

472 2198 696 2237 ἀθανάτων
728 2197 797 2237 τὸν
829 2198 992 2248 ἄριστον
1024 2197 1126 2249 ἐπὴν
1157 2197 1359 2249 κλείωμεν
1391 2197 1562 2239 ἀοιδαῖς.

473 2267 641 2326 ἀνδρῶν
674 2267 709 2305 δ’
735 2266 786 2306 αὗ
820 2267 1078 2319 Πτολεμαῖος
1110 2267 1166 2305 ἐνὶ
1197 2268 1395 2317 πρώτοισι
1427 2267 1614 2317 λεγέσθω

471 2337 540 2376 καὶ
571 2337 759 2388 πώματος
790 2337 859 2376 καὶ
889 2338 1057 2389 μέσσος·
1091 2338 1114 2376 ὃ
1147 2336 1224 2388 γὰρ
1262 2337 1597 2388 προφερέστατος
1629 2335 1807 2386 ἀνδρῶν.

262 2420 336 2470 qui
369 2421 587 2470 prooemii
626 2418 786 2458 talibus
826 2419 1018 2458 artificiis
1058 2419 1327 2458 abundantis
1360 2419 1524 2467 sunt¹);
1571 2425 1808 2469 praeterea

262 2489 707 2527 animadvertendum
751 2496 820 2527 est
859 2502 913 2527 ne
948 2491 990 2526 in
1031 2490 1096 2526 his
1136 2490 1314 2540 quidem
1363 2488 1561 2538 singulas
1601 2488 1807 2525 notiones

261 2559 434 2596 ratione
468 2560 764 2608 grammatica
797 2565 886 2597 tam
923 2564 1133 2597 accurate
1169 2559 1251 2597 sibi
1284 2557 1561 2609 respondere
1597 2569 1728 2609 quam
1764 2557 1806 2594 in

263 2628 479 2679 exemplis
518 2628 826 2667 Bucolicorum
874 2641 1008 2679 supra
1047 2628 1246 2667 laudatis.
1310 2627 1420 2666 Tum
1462 2628 1502 2665 in
1545 2628 1682 2678 epicis
1715 2639 1808 2664 car-

263 2698 471 2743 minibus,
517 2698 571 2736 id.
600 2711 660 2747 13,
690 2711 754 2744 22,
783 2711 847 2747 24,
882 2698 986 2736 talia
1033 2711 1120 2736 non
1167 2698 1394 2748 leguntur3
1442 2710 1541 2734 nam
1584 2698 1626 2734 in
1662 2696 1714 2734 id.
1747 2708 1807 2743 13,

380 2800 410 2841 1)
437 2800 612 2833 Conferas
644 2801 753 2832 velim
786 2811 915 2833 versus
935 2810 1018 2842 5sq.
1040 2817 1083 2827 »v
1106 2810 1186 2843 7sq.
1215 2804 1251 2832 et
1276 2810 1357 2842 qsq.
1380 2816 1421 2826 »s-
1451 2810 1563 2841 11sq.‚
1603 2799 1637 2829 in
1676 2797 1806 2840 quibus

262 2868 351 2890 vero
384 2858 469 2889 nihil
500 2859 565 2891 nisi
598 2859 802 2891 sententiae
836 2859 1029 2891 universae
1056 2858 1122 2890 sibi
1149 2859 1385 2899 respondent,
1420 2868 1491 2899 qua
1525 2857 1571 2888 de
1605 2867 1716 2888 causa
1742 2866 1807 2888 eos

263 2926 334 2948 non
360 2927 468 2959 supra
493 2917 682 2959 exscripsi.
