2222 3417
929 228 1250 266 —106—

316 356 404 394 quo
438 343 536 382 loco
569 343 636 382 his
668 344 837 382 verbis:
875 356 989 393 „non
1013 344 1132 382 bene
1154 344 1279 395 ripae
1303 343 1524 382 creditur“
1556 344 1663 396 ipsis
1686 356 1867 396 quoque

315 412 443 451 simili
465 413 599 452 modo
622 414 899 451 enuntiatum
925 415 1131 464 parataxi
1152 413 1408 452 adiunctum
1433 413 1546 464 est.¹)
1601 427 1636 463 3.
1658 413 1868 466 Denique

314 484 636 522 transeundum
672 489 742 522 est
774 483 830 522 ad
863 485 1097 522 enuntiata
1125 485 1219 523 eius
1247 484 1441 535 generis,
1474 496 1590 535 quae
1620 484 1748 523 alteri
1769 497 1868 524 sen-

315 554 486 591 tentiae
531 566 619 592 non
664 555 934 605 postposita,
978 554 1060 592 sed
1103 554 1371 606 interposita
1409 559 1525 593 sunt.
1591 554 1641 593 In
1681 568 1867 594 numero

317 636 469 662 eorum
504 623 674 662 habere
708 624 914 662 dubitare
949 625 1047 676 quis
1074 625 1217 675 possit
1250 625 1362 663 haec
1396 625 1631 663 enuntiata
1663 624 1868 672 causalia,

317 706 432 745 quae
474 695 707 732 universae
751 695 1076 733 continuationi
1120 695 1299 746 quidem
1346 695 1614 746 interposita
1657 700 1778 742 sunt,
1823 700 1870 734 at

316 765 587 809 membrum,
633 765 690 802 ad
729 765 850 816 quod
887 766 1136 816 pertinent,
1180 766 1265 804 iam
1308 765 1559 804 absolutum
1599 770 1866 817 sequuntur:

347 848 471 895 &952
528 845 623 884 Has
656 846 820 885 herbas
853 852 990 898 atque
1022 847 1136 886 haec
1168 847 1314 886 Ponto
1348 847 1453 886 mihi
1487 845 1606 886 lecta
1635 859 1815 886 venena

527 917 624 967 ipse
658 916 784 955 dedit
816 916 981 955 Moeris
1014 919 1275 967 (nascuntur
1305 917 1495 968 plurima
1526 916 1707 966 Ponto);

528 987 594 1025 his
627 999 716 1038 ego
749 999 888 1038 saepe
922 987 1073 1038 lupum
1107 985 1202 1026 fieri
1235 993 1282 1026 et
1313 999 1361 1026 se
1395 987 1592 1026 condere
1625 986 1744 1026 silvis

529 1056 714 1096 Moerim
742 1089 749 1096 .
773 1089 780 1097 .
804 1089 811 1096 .
834 1058 923 1096 vidi
947 1089 954 1096 .
978 1090 986 1097 .
1009 1089 1017 1097 .

350 1140 368 1177 *1

401 1140 420 1165 ω

435 1141 447 1165 ›-⁴

464 1142 471 1166 :
527 1126 781 1179 Nymphae,
805 1135 961 1166 noster
981 1141 1117 1174 amor,
1137 1127 1434 1174 Libethrides,
1459 1135 1535 1166 aut
1557 1128 1662 1166 mihi
1685 1140 1868 1167 carmen

529 1197 660 1249 quale
694 1211 795 1236 meo
829 1195 976 1237 Codro
1011 1199 1248 1237 concedite
1282 1200 1503 1250 (proxima
1529 1197 1703 1236 Phoebi

528 1269 732 1306 versibus
765 1267 834 1306 ille
868 1267 990 1317 facit)
1025 1275 1112 1315 aut,
1145 1269 1180 1307 si
1213 1281 1302 1307 non
1335 1280 1574 1320 possumus
1608 1280 1776 1314 omnes,

529 1339 599 1377 hic
633 1345 795 1390 arguta
828 1351 955 1378 sacra
988 1339 1208 1390 pendebit
1240 1338 1389 1377 fistula
1421 1340 1539 1390 pinu.

316 1419 511 1459 Plurima
556 1427 705 1459 autem
753 1420 857 1459 talia
902 1422 1137 1459 enuntiata
1183 1421 1358 1459 mediae
1404 1421 1658 1460 sententiae
1703 1422 1871 1459 inserta

318 1498 432 1529 sunt.
485 1489 641 1529 Mirum
667 1492 708 1529 in
734 1491 912 1530 modum
951 1504 1005 1529 ea
1029 1493 1177 1530 omnia
1200 1491 1390 1530 eandem
1416 1490 1511 1530 fere
1535 1497 1710 1542 partem
1735 1490 1870 1529 hexa-

319 1562 467 1607 metri,
506 1573 622 1612 quae
657 1562 711 1600 ab
747 1563 960 1600 incisione
996 1575 1135 1613 usque
1171 1562 1225 1600 ad
1259 1563 1462 1613 quintum
1497 1561 1760 1600 trochaeum
1795 1565 1872 1599 aut

319 1631 375 1669 ad
408 1644 638 1670 caesuram
675 1631 922 1670 bucolicam
956 1633 1167 1683 pertinet,
1200 1638 1442 1683 occupant;
1477 1631 1532 1670 cf.

351 1726 473 1763 &531
1127 1719 1313 1763 tantum,
1346 1715 1492 1753 vicine
1524 1711 1781 1759 Palaemon,

530 1785 734 1823 sensibus
768 1785 880 1823 haec
914 1785 1011 1823 imis
1044 1787 1130 1835 (res
1163 1791 1232 1823 est
1264 1797 1353 1823 non
1382 1786 1536 1835 parva)
1569 1795 1775 1835 reponas.

348 1857 472 1903 448:
530 1855 784 1906 adgredere
818 1868 843 1893 o
877 1867 1068 1906 magnos
1101 1855 1262 1904 (aderit
1293 1855 1378 1892 iam
1410 1855 1603 1905 tempus)
1636 1854 1842 1900 honores,

349 1938 472 1974 9,24:
1203 1930 1249 1962 et
1281 1925 1398 1962 inter
1430 1923 1657 1975 agendum

531 2007 767 2034 occursare
807 2007 944 2046 capro
978 1998 1132 2045 (cornu
1176 1994 1280 2033 ferit
1311 1994 1397 2043 ille)
1436 1993 1644 2043 caveto.'²)

349 2067 472 2115 9,()4:
529 2072 767 2104 cantantes
802 2065 905 2104 licet
939 2078 1079 2117 usque
1114 2067 1273 2115 (minus
1305 2066 1377 2104 via
1410 2064 1559 2113 laedit)
1594 2076 1760 2103 eamus.

326 2148 473 2185 10,77:
530 2137 590 2174 ite
624 2136 802 2175 domum
838 2142 1030 2182 saturae,
1062 2137 1186 2173 venit
1219 2134 1464 2186 Hesperus,
1497 2136 1556 2173 ite
1591 2133 1804 2185 capellae.

319 2217 569 2257 Afferenda
598 2225 701 2256 sunt
731 2219 863 2256 etiam
890 2218 1003 2256 haec
1026 2218 1235 2268 primaria
1259 2217 1491 2255 enuntiata
1515 2215 1721 2261 causalia,
1754 2227 1871 2267 quae

321 2288 446 2326 alteri
480 2290 734 2326 sententiae
768 2289 893 2340 quasi
927 2289 1175 2326 intertexta
1207 2294 1329 2326 sunt:

323 2383 446 2421 3‚92:
534 2368 617 2420 Qui
652 2370 801 2421 legitis
833 2369 966 2409 flores
1000 2376 1047 2408 et
1079 2370 1198 2408 humi
1234 2370 1467 2407 nascentia
1498 2368 1641 2419 fraga,

533 2440 731 2492 frigidus,
765 2454 788 2479 o
823 2441 960 2492 pueri,
993 2439 1136 2491 fugite
1171 2440 1284 2486 hinc,
1318 2439 1429 2478 latet
1461 2439 1621 2490 anguis
1650 2439 1692 2477 in
1724 2438 1873 2477 herba.

323 2513 359 2554 8,
380 2523 475 2559 109:
531 2513 715 2562 parcite.
745 2511 801 2549 ab
828 2511 936 2549 urbe
959 2512 1094 2556 venit,
1122 2511 1205 2548 iam
1230 2510 1401 2561 parcite
1424 2510 1634 2554 carmina,
1656 2508 1872 2560 Daphnis.

440 2615 466 2654 ¹)
501 2614 537 2646 ln
571 2615 734 2647 oratione
768 2615 885 2647 minus
917 2614 1068 2657 simplici
1101 2614 1252 2647 easdem
1286 2613 1488 2647 sententias
1521 2613 1569 2645 ita
1600 2611 1676 2645 sere
1703 2612 1871 2654 coniungi

321 2680 424 2716 puto:
459 2673 623 2715 „Parcite
651 2684 744 2706 oves
770 2674 915 2705 nimium
942 2674 1163 2716 procedere,
1198 2683 1280 2705 cum
1306 2673 1423 2716 ripae,
1457 2671 1490 2703 id
1519 2671 1616 2715 quod
1644 2671 1738 2703 aries
1763 2670 1872 2703 etiam

322 2743 416 2764 nunc
444 2732 581 2764 vellera
607 2733 750 2765 siccans
776 2732 947 2770 ostendit,
975 2743 1045 2763 non
1074 2733 1169 2764 bene
1196 2731 1397 2764 credatur“.

443 2790 469 2832 9)
496 2789 756 2833 Compositioni
778 2801 908 2823 versus
928 2799 980 2831 25.
1001 2795 1058 2823 est
1076 2790 1253 2823 simillima
1271 2789 1488 2832 compositio
1506 2798 1636 2820 versus
1657 2796 1716 2829 23:
1736 2787 1872 2830 Tityre,

323 2850 406 2881 dum
435 2850 559 2887 redeo,
587 2850 725 2882 <brevis
751 2854 808 2881 est
836 2850 908 2891 via)
927 2859 1040 2892 pasce
1067 2848 1237 2891 capellas,
1289 2848 1322 2880 in
1349 2858 1421 2891 quo
1442 2857 1530 2880 vero
1550 2845 1774 2889 interpositio
1801 2856 1871 2878 non

322 2918 468 2940 sensum
497 2909 680 2940 causalem
711 2909 831 2940 habet.
