2222 3417
846 338 1133 384 -09-

219 454 504 494 Theocritum
548 455 653 492 item
702 452 813 491 tales
851 465 1006 490 versus
1047 450 1258 502 aequales
1298 450 1488 488 libenter
1526 450 1568 487 in
1607 448 1764 500 idylliis

218 525 430 564 bucolicis
456 525 723 562 adhibuisse.
775 522 952 561 Deinde
983 522 1039 560 ad
1068 534 1145 560 eos
1169 521 1450 566 accedamus,
1480 532 1665 570 quorum
1692 520 1765 556 uni

218 602 321 633 sunt
360 596 447 634 duo
490 596 693 633 membra
741 593 898 632 eodem
944 593 1098 631 ordine
1145 593 1401 636 coniuncta,
1447 589 1574 628 alteri
1619 602 1764 627 unum.

219 665 320 703 Eius
352 666 536 716 generis
569 671 671 703 sunt
705 665 746 702 hi
779 663 879 702 loci:

225 760 343 804 1‚68:
429 759 479 798 οὐ
512 758 591 810 γὰρ
625 758 674 810 ὁὴ
708 761 911 809 ποταμοῖο
942 757 1073 808 μέγαν
1106 755 1207 806 ῥόον
1239 754 1351 807 εἴχετ’
1380 754 1559 798 Ἀνάπο),

430 827 521 868 οὔδ’
544 828 694 872 Αἴτνας
726 828 913 872 σκοπιάν,
946 826 1035 865 οὐδ’
1062 825 1227 869 ’Ἁκιὸος
1260 824 1369 875 ἱερὸν
1404 824 1529 874 ὕδωρ.

224 924 254 955 1,
273 922 342 960 71:
426 915 548 962 τῆνον
578 909 663 962 μὰν
697 910 818 955 θῶες,
850 913 971 961 τῆνον
1002 908 1119 947 λύκοι
1152 907 1381 958 ὠρύσαντο,

429 985 550 1032 τῆνον
581 980 673 1032 χὼκ
708 979 884 1031 δρυμοῖο
916 979 1023 1018 λέων
1054 978 1227 1017 ἔκλαυσε
1262 976 1452 1016 θανόντα.

224 1076 255 1108 1,
273 1073 342 1111 74:
427 1062 575 1101 πολλαί
603 1063 642 1101 οἱ
672 1061 757 1112 πὰρ
789 1061 909 1099 ποσσὶ
940 1060 1046 1112 βόες,
1078 1059 1219 1098 πολλοὶ
1254 1058 1299 1097 δέ
1329 1074 1369 1097 τε
1400 1061 1554 1107 ταῦροι,

427 1132 573 1171 πολλαὶ
607 1132 651 1171 ὁὲ
684 1131 864 1182 ὁαμάλαι
896 1130 963 1169 καὶ
997 1130 1158 1180 πόρτιες
1191 1128 1420 1178 ὠδύραντο.

219 1216 255 1260 8,
275 1216 343 1264 76:
429 1213 534 1253 ἁδεῖ’
559 1214 584 1252 ἆ
617 1212 740 1264 φωνὰ
773 1216 842 1256 τᾶς
873 1212 1050 1262 πόρτιος,
1084 1210 1162 1250 ἁδὺ
1194 1209 1239 1250 τὸ
1271 1213 1455 1260 πνεῦμα·

430 1283 509 1323 cidi»
543 1284 587 1323 δὲ
619 1287 676 1322 τῶ
713 1283 857 1333 θέρεος
888 1282 985 1333 παρ’
1014 1281 1130 1331 ὕδωρ
1164 1281 1259 1331 ῥέον
1293 1280 1592 1330 αἶθριοκοιτεῖν.

218 1377 266 1416 In
290 1378 357 1416 his
382 1377 601 1428 exemplis
625 1377 976 1416 concinnitatem
1003 1376 1134 1412 etiam
1162 1374 1450 1424 insigniorem
1478 1371 1643 1410 factam
1669 1383 1766 1408 esse

221 1461 274 1486 eo
316 1453 523 1499 apparet,
570 1447 691 1498 quod
737 1447 939 1484 membra
987 1457 1168 1495 semper
1210 1444 1480 1494 repetitione
1528 1442 1765 1479 verborum

219 1519 459 1556 coniuncta
497 1523 611 1555 sunt.
652 1540 703 1544 -—
748 1515 965 1566 Exempla
1002 1521 1171 1560 autem,
1205 1526 1320 1565 quae
1364 1514 1405 1550 in
1447 1512 1585 1550 altera
1626 1511 1767 1549 classe

220 1601 456 1626 numerare
481 1589 712 1639 possimus,
736 1587 898 1624 desunt
921 1585 1040 1636 apud
1063 1584 1363 1628 Theocritum,
1397 1582 1517 1634 quod
1541 1594 1627 1620 non
1654 1580 1766 1618 adeo

219 1659 442 1704 miramur,
476 1670 573 1695 cum
610 1657 679 1695 illa
708 1655 862 1707 figura,
898 1669 1013 1707 quae
1049 1653 1240 1692 efficitur
1273 1653 1447 1691 duobus
1480 1651 1768 1690 substantivis

222 1741 468 1778 eorumque
517 1728 743 1765 attributis
795 1727 834 1764 in
879 1739 964 1764 uno
1009 1738 1140 1763 versu
1181 1723 1428 1767 cumulatis,
1473 1723 1515 1759 in
1561 1733 1767 1759 sermone

219 1803 451 1849 poetarum
482 1796 758 1836 Graecorum
795 1796 931 1834 multo
965 1796 1105 1833 rarior
1137 1795 1194 1832 sit
1223 1806 1353 1844 quam
1380 1791 1686 1838 Latinorum.¹)
1715 1813 1766 1817 -—

220 1867 437 1918 Exempla
472 1868 633 1905 tertiae
668 1866 820 1904 classis
860 1866 1088 1916 aliquanto
1128 1865 1267 1902 rarius
1309 1863 1520 1914 leguntur
1560 1873 1692 1912 quam
1727 1861 1765 1897 in

220 1937 448 1976 Bucolicis
480 1936 688 1988 Vergilii;
724 1937 835 1974 haec
870 1935 1029 1973 afferre
1063 1945 1264 1986 possum:

227 2044 374 2080 11‚23:
431 2035 576 2083 φοιτῇς
610 2030 644 2069 δ’
671 2029 768 2069 αὖθ’
795 2030 939 2073 οὕτως,
973 2029 1081 2067 ὅκκα
1115 2026 1265 2078 γλυκὺς
1300 2027 1426 2069 ὕπνος
1458 2026 1530 2076 ἔχῃ
1564 2039 1628 2075 με,

432 2102 523 2152 οἴχῃ
558 2100 592 2139 ὁ’
617 2100 744 2143 εὐθὺς
776 2099 879 2144 ιὀἶσ’,
913 2099 1020 2138 ὅκκα
1054 2097 1205 2149 γλυκὺς
1237 2097 1365 2139 ’ὕπνος
1397 2096 1473 2147 ἀνῇ
1505 2110 1569 2146 με,

432 2171 596 2222 φεύγεις
628 2170 663 2209 δ’
689 2170 830 2220 ὥσπερ
864 2170 924 2212 ὄις
955 2168 1098 2207 πόλιον
1130 2167 1257 2206 λύκον
1290 2166 1523 2217 ἀθρήσασα.

252 2255 376 2299 8,28:
431 2253 499 2304 χοῖ
528 2252 604 2303 μὲν
635 2251 778 2295 παῖδες
810 2251 952 2295 ἄυσαν,
986 2250 1009 2289 ὁ
1043 2249 1078 2288 δ’
1104 2248 1275 2292 αἰπόλος
1309 2247 1401 2300 ἦνἰΨ
1427 2248 1666 2289 ἐπακοῦσαι,

432 2323 499 2374 χοὶ
528 2321 605 2373 μὲν
635 2321 779 2364 παῖδες
810 2320 954 2365 (Ξείδεν,
988 2319 1010 2358 ὁ
1045 2319 1079 2357 δ’
1105 2318 1274 2361 αἰπόλος
1306 2316 1429 2368 ’ἤθελε
1460 2316 1619 2366 κρίνειν.

258 2416 406 2451 1‚120:
433 2403 590 2455 Δάφνις
621 2403 729 2454 ἐγὼν
762 2402 833 2441 ὅδε
865 2406 984 2454 τῆνος
1016 2401 1039 2440 ὁ
1071 2400 1140 2444 τὰς
1172 2400 1276 2451 βόας
1308 2397 1394 2438 ὧδε
1425 2397 1628 2449 νομεύων,

433 2474 591 2525 Δάφνις
623 2473 645 2512 ὁ
676 2472 760 2516 τὼς
790 2472 955 2522 ταύρως
986 2471 1054 2510 καὶ
1087 2471 1257 2521 πόρτιας
1289 2467 1375 2508 ὧδε
1406 2467 1622 2506 ποτίσὸων.

254 2569 290 2605 5,
308 2558 378 2604 58:
434 2558 571 2594 στασῶ
605 2554 640 2593 (δ’
665 2553 776 2592 ὀκτὼ
808 2553 884 2604 μὲν
917 2551 1082 2603 γαυλὼς
1113 2554 1171 2602 τῷ
1203 2549 1313 2589 Πανὶ
1347 2549 1558 2600 γάλακτος.

434 2624 545 2664 ὀκτὼ
579 2624 623 2663 δὲ
655 2623 863 2675 σκαφίδας
893 2622 1052 2674 μέλιτος
1083 2621 1186 2660 πλέα
1218 2617 1331 2672 κηρί’
1357 2619 1529 2671 ἐχοίσας.

225 2718 506 2769 Quamquam
537 2719 674 2768 igitur
701 2716 909 2767 exempla
938 2716 1064 2753 huius
1088 2714 1240 2752 classis
1264 2726 1351 2751 non
1376 2712 1488 2750 adeo
1518 2710 1769 2760 frequentia

224 2794 338 2835 sunt⁷
371 2793 522 2826 tamen
548 2800 602 2825 ea
624 2788 731 2825 satis
765 2786 957 2837 insignia
989 2797 1089 2822 esse
1123 2789 1326 2834 apertum
1355 2788 1442 2826 est;
1478 2780 1690 2831 imprimis
1728 2778 1769 2815 in

225 2860 366 2897 tribus
409 2858 629 2909 prioribus
675 2857 953 2895 concinnitas
1004 2860 1248 2905 propterea
1295 2852 1488 2890 maxime
1536 2854 1686 2888 mente
1727 2854 1771 2885 et

346 2985 371 3027 ¹)
398 2984 451 3017 Cf.
478 2983 672 3021 Norden,
699 2983 756 3014 1.1.
775 2993 856 3025 pag.
875 2984 950 3022 389.
