2253 3443
951 277 1007 281 .-—
1075 265 1124 291 10
1187 275 1239 279 —-

326 373 505 424 quidam
557 384 712 410 versus
763 371 911 409 omissi
962 376 1082 415 sunt,
1132 369 1206 419 qui
1255 368 1497 417 insigniore
1547 365 1868 418 aequabilitate

325 443 561 493 compositi
614 449 727 479 sunt.
800 439 976 478 Deinde
1032 437 1244 477 Gebauer
1294 437 1508 475 tractavit
1559 436 1866 487 symmetriam

325 514 528 564 partium,
562 524 677 562 quae
704 523 785 561 per
811 509 999 560 plurium
1027 520 1233 546 versuum
1263 505 1622 557 complexionem
1651 507 1869 557 pertinet:

326 582 534 621 nonnulla
568 579 778 631 exempla
812 579 866 617 ab
902 591 956 616 eo
989 577 1171 616 laudata
1202 578 1272 615 hic
1307 577 1522 622 omittam,
1556 577 1659 627 quia
1693 574 1872 626 singula

325 664 479 703 parum
521 652 602 689 sibi
640 650 920 701 respondent
959 654 1036 686 aut
1067 653 1220 698 partes
1253 659 1340 685 non
1376 645 1535 684 eodem
1578 646 1733 684 ordine
1767 658 1872 684 con-

324 724 502 760 iunctae
530 727 633 759 sunt
655 720 724 758 vel
752 719 971 758 sermonis
993 719 1214 756 variarum
1243 728 1534 768 personarum
1565 721 1680 754 sunt.
1731 714 1871 753 Porro

326 791 558 830 nonnullos
592 790 713 829 locos
747 791 839 828 eius
871 789 1053 839 generis
1085 787 1282 833 Norden,
1307 786 1329 824 l.
1353 786 1388 831 l.,
1411 798 1549 837 pagg.
1577 797 1780 837 373sqq.,
1813 798 1870 823 ex

326 863 530 899 omnibus
555 861 673 899 libris
691 859 876 910 Vergilii
901 858 1107 903 contulit;
1133 870 1281 909 neque
1300 870 1408 895 vero
1433 857 1639 894 universa
1663 855 1873 906 exempla

325 931 536 981 colligere
571 930 709 968 voluit
741 942 888 980 neque
913 928 1121 967 Bucolica
1156 928 1318 966 ceteris
1351 926 1622 965 carminibus
1651 926 1870 976 opposuit.

611 1092 638 1145 ἓ
675 1091 712 1133 l.
758 1091 825 1133 De
859 1089 1132 1141 symmetria
1163 1088 1589 1130 hemistichiorum.

441 1175 633 1213 Primum
671 1174 894 1226 proferam
933 1187 986 1211 ea
1019 1173 1223 1211 membra
1255 1173 1505 1218 coniuncta,
1539 1184 1654 1222 quae
1689 1169 1874 1221 singulis

325 1246 579 1284 notionibus
620 1245 700 1283 sibi
740 1244 1020 1294 respondent
1059 1248 1194 1294 atque
1234 1243 1349 1280 intra
1384 1241 1557 1292 singula
1595 1240 1873 1279 hemistichia

325 1317 469 1367 posita
508 1322 622 1353 sunt.
692 1313 923 1364 Quaedam
964 1326 1071 1351 vero
1116 1312 1455 1363 praemonenda
1500 1317 1620 1350 sunt:
1665 1310 1871 1361 exempla

325 1387 450 1425 huius
484 1385 797 1424 concinnitatis
832 1384 934 1421 mihi
970 1383 1234 1422 certioribus
1270 1381 1429 1420 finibus
1466 1381 1875 1420 Circumscribenda

324 1465 443 1501 sunt,
490 1457 591 1507 quia
639 1467 867 1493 numerum
913 1466 1064 1492 eorum
1107 1465 1204 1491 cum
1247 1465 1433 1490 numero
1474 1452 1621 1490 talium
1665 1464 1871 1490 versuum

325 1527 426 1565 alibi
473 1521 771 1563 adhibitorum
819 1523 1026 1562 conferre
1069 1523 1181 1561 volo.
1248 1522 1406 1574 Itaque
1445 1523 1633 1573 primum
1675 1523 1745 1560 hic
1785 1534 1873 1559 non

325 1596 600 1634 enumerabo
634 1608 790 1633 versus
824 1595 916 1632 eius
949 1595 1142 1644 generis,
1175 1594 1209 1631 si
1244 1593 1363 1644 quod
1397 1593 1596 1637 verbum,
1631 1591 1752 1643 quod
1785 1603 1871 1629 non

324 1667 378 1705 ad
416 1674 653 1717 utrumque
689 1666 937 1703 membrum
974 1665 1152 1715 pariter,
1185 1663 1265 1701 sed
1299 1663 1353 1701 ad
1385 1662 1570 1701 alterum
1603 1662 1741 1700 solum
1775 1674 1874 1713 per-

326 1738 449 1781 tinet,
495 1743 623 1774 extra
669 1734 779 1773 fines
826 1736 918 1773 eius
960 1747 1115 1772 versus
1155 1733 1334 1784 legitur,
1380 1732 1501 1771 velut
1543 1734 1788 1783 „pingues”
1831 1733 1871 1769 in

326 1806 372 1846 B.
397 1816 432 1851 o,
457 1819 572 1857 4sq.:
1396 1839 1400 1844 .
1587 1839 1592 1844 .
1644 1819 1651 1834 ¹

1077 1845 1318 1890 pastorem,
1353 1837 1520 1888 Tityre,
1552 1850 1745 1888 pingues

1649 1912 1655 1927 ἶ

460 1928 647 1986 pascere
683 1940 862 1985 oportet
896 1914 1015 1977 oves,
1051 1933 1054 1984 Ι
1090 1914 1331 1970 deductum
1367 1923 1516 1970 dicere
1550 1922 1744 1969 carmen.

325 2029 488 2068 deinde
525 2042 577 2066 ea
618 2027 825 2078 exempla
866 2026 1115 2065 omittenda
1155 2039 1254 2064 esse
1294 2038 1477 2071 censeo,
1517 2026 1556 2062 in
1599 2025 1759 2076 quibus
1800 2029 1875 2062 aut

324 2099 497 2149 singula
532 2105 702 2137 tantum
740 2098 878 2135 verba
911 2098 993 2135 sibi
1027 2097 1303 2147 respondent
1337 2102 1413 2134 aut
1446 2096 1602 2141 verba,
1644 2108 1758 2146 quae
1793 2094 1874 2132 sibi

325 2169 613 2220 respondent,
650 2181 735 2206 non
779 2168 988 2206 maiorem
1031 2166 1185 2205 saltem
1229 2172 1403 2217 partem
1445 2178 1598 2204 versus
1639 2170 1874 2215 occupant,

325 2239 446 2277 velut
480 2240 518 2277 in
555 2239 609 2277 A.
633 2237 728 2284 XII,
754 2250 857 2287 572:

477 2315 561 2371 hoc
595 2323 742 2382 caput,
775 2345 799 2369 o
833 2332 965 2375 cives,
1000 2328 1003 2381 Ι
1039 2313 1150 2369 haec
1186 2329 1286 2368 belli
1319 2321 1492 2367 summa
1527 2327 1720 2367 nefandi.

326 2434 414 2463 tum
458 2438 544 2463 non
587 2439 664 2463 eos
704 2424 910 2476 equidem
952 2437 1108 2462 versus
1148 2422 1352 2467 afferam,
1391 2423 1431 2460 in
1474 2423 1634 2473 quibus
1673 2423 1777 2460 bina
1819 2422 1874 2460 de

325 2503 537 2546 quattuor
570 2496 718 2533 verbis
747 2495 904 2533 eodem
939 2495 1092 2532 ordine
1120 2494 1368 2532 coniunctis
1394 2494 1568 2544 utrique
1594 2492 1875 2531 hemistichio

325 2573 437 2612 ¹suut,
471 2565 592 2603 velut
626 2566 664 2603 in
701 2564 752 2603 (ji.
779 2564 974 2613 1V,336:

456 2658 715 2710 Drumoque
751 2657 1026 2709 Xanthoque
1064 2655 1068 2711 j
1104 2656 1337 2708 Ligeaque
1370 2656 1750 2708 Phyllodoceque.

325 2752 517 2803 <lenique
554 2766 639 2790 non
676 2751 982 2790 enumeranda
1014 2758 1116 2789 sunt
1150 2764 1203 2788 ea
1235 2750 1524 2794 hemistichia,
1559 2763 1674 2802 quae
1700 2756 1870 2789 tantum

324 2822 508 2868 singulis
542 2823 831 2859 substantivis·
865 2829 911 2859 et
945 2834 1095 2859 eorum
1133 2821 1356 2859 attributis
1385 2821 1466 2858 sibi
1499 2820 1793 2871 respondent,
1828 2826 1874 2858 ut

326 2894 363 2929 in
405 2891 447 2930 Β.
475 2905 508 2941 7,
534 2905 604 2939 45:
