2222 3417
939 233 1230 270 ,86-

426 349 520 390 Sed
553 349 796 395 videamus,
830 361 933 387 num
970 347 1236 387 Theocritus
1268 348 1311 386 in
1345 349 1395 386 iis
1428 348 1710 397 carminibus,
1744 359 1862 399 quae

310 434 397 460 non
433 419 623 459 bucolici
660 420 848 470 generis
888 424 1002 465 sunt,
1041 418 1127 458 hoc
1167 416 1352 457 artificio
1393 430 1497 456 usus
1529 419 1596 457 sit.
1658 416 1863 469 Repperi

310 492 352 529 in
385 496 455 529 tot
485 490 774 541 poematibus
807 489 889 528 hos
922 494 1095 527 tanturn
1130 502 1305 527 versus:

342 568 494 613 2,118:
521 565 678 618 ῆνθον
711 565 788 617 γάρ
820 580 892 604 κεν
925 565 1020 616 ἐγώ,
1052 564 1118 604 ναὶ
1148 563 1219 604 τὸν
1251 563 1404 616 γλυκὺν
1434 562 1592 616 ἧνθον
1615 562 1793 615 ’Έρωτα,

313 649 465 685 24,40:
522 637 618 675 ἔστι
649 636 687 674 τί
713 651 786 687 μοι
817 635 921 675 κατὰ
956 634 1080 687 δῶμα
1113 635 1327 685 νεώτερον,
1360 634 1457 673 ἔστι
1488 634 1569 685 φίλ’
1603 633 1783 685 ἀνδρῶν.

310 718 382 756 De
422 718 488 756 his
528 717 746 769 exemplis
787 718 918 769 prius,
964 718 999 755 si
1033 716 1290 768 diligentius
1329 721 1600 768 spectamus,
1644 728 1742 754 cum
1783 714 1863 754 illis

311 787 526 827 bucolicis
566 801 653 826 non
689 788 1043 839 comparandum
1079 792 1160 835 est,
1201 799 1302 826 cum
1336 786 1546 838 repetitio
1580 791 1686 824 nata
1718 786 1774 824 sit
1806 798 1864 824 ex

313 859 663 897 asseveratione.
736 856 1104 897 Commemorare
1149 857 1279 896 velim
1328 858 1461 895 etiam
1508 868 1686 895 versum
1729 857 1864 894 inter-

313 928 503 967 calarem
540 927 672 979 idyllii
692 940 734 966 2:
769 928 860 978 ἴυγξ
881 927 972 966 ἕλκε
993 943 1038 966 τυ
1060 931 1182 978 τῆνον
1205 927 1306 978 ἐμὸν
1336 927 1428 966 ποτὶ
1461 927 1587 978 δῶμα
1617 925 1687 965 τὸν
1719 925 1863 976 ἄνδρα.

312 1000 406 1037 sine
447 1011 501 1036 ea
540 997 683 1049 figura
728 1010 840 1043 esse,
880 1010 980 1036 cum
1026 996 1264 1048 Vergilius,
1298 998 1372 1048 qui
1415 997 1500 1036 hoc
1542 1009 1708 1048 poema
1747 996 1865 1034 inter

313 1069 525 1107 Bucolica
564 1070 760 1107 imitatus
794 1074 874 1114 est,
912 1068 982 1106 illo
1017 1067 1150 1106 modo
1185 1068 1369 1106 verbum
1411 1066 1582 1105 finitum
1623 1066 1864 1105 iteraverit.

432 1137 562 1189 Quod
592 1139 649 1177 ad
672 1151 811 1190 opera
845 1139 1118 1176 imitatorum
1154 1139 1327 1184 attinet,
1361 1150 1477 1189 quae
1507 1143 1643 1176 antea
1670 1137 1713 1175 in
1744 1148 1865 1175 com-

313 1210 592 1260 parationem
619 1210 748 1253 traxi,
771 1214 911 1259 poeta
935 1207 1151 1259 epitaphii
1167 1207 1330 1253 Bionis,
1353 1209 1466 1246 sicut
1488 1213 1654 1258 poetae
1669 1205 1866 1244 Romani

315 1279 601 1318 Theocritum
638 1283 831 1324 secutus,
863 1291 1019 1316 versus
1051 1277 1342 1316 intercalares
1374 1279 1437 1316 sic
1470 1276 1786 1316 conformavit:

525 1355 699 1407 ἄρχετε
730 1354 941 1394 Σικελικαὶ
973 1357 1031 1393 τῶ
1062 1354 1240 1397 πένθεος
1272 1354 1446 1406 ἄρχετε
1477 1352 1646 1392 ᾹΙΟῖσαι.

314 1437 490 1476 Deinde
524 1438 564 1476 in
601 1438 798 1476 carmine
825 1449 890 1486 27.
917 1437 987 1475 hic
1022 1449 1176 1475 versus
1210 1435 1391 1487 legitur:

318 1527 387 1564 39:
525 1513 646 1564 πατρὶ
681 1512 726 1552 δὲ
758 1512 950 1564 γηραλὲῳ
982 1512 1085 1551 τίνα
1116 1512 1212 1564 μάν,
1245 1512 1349 1551 τίνα
1380 1511 1521 1563 μῦθον
1553 1511 1714 1562 ἒνὲψω,·

315 1594 518 1634 Laudare
570 1595 698 1633 velim
742 1594 1083 1646 huncquoque
1135 1607 1311 1633 versum
1355 1607 1413 1632 ex
1463 1592 1867 1644 epigrammatibus

315 1665 528 1704 bucolicis
561 1663 886 1715 (XVilamowitz,
909 1677 950 1715 p.
975 1666 1043 1715 84)
1074 1666 1110 1711 ὁ,
1128 1677 1168 1713 3:

528 1742 717 1792 οἴχεται
749 1740 773 1779 ἁ
806 1741 995 1792 χίμαρος,
1027 1739 1072 1779 τὸ
1104 1739 1234 1779 καλὸν
1265 1740 1394 1785 τέκος,
1428 1738 1573 1791 οἴχετ’
1608 1738 1649 1782 ἒς
1673 1737 1826 1787 Ἅιδαν,

319 1823 390 1861 ubi
424 1824 528 1861 item
565 1823 706 1860 verba
745 1823 907 1860 iterata
946 1823 988 1860 in
1023 1823 1146 1860 initio
1186 1834 1342 1860 versus
1381 1827 1427 1859 et
1464 1827 1568 1872 post
1605 1821 1865 1859 incisionem

316 1892 565 1932 bucolicam
607 1894 753 1943 posita
786 1898 901 1931 sunt.
963 1891 1131 1932 Contra
1170 1893 1210 1930 in
1251 1892 1522 1930 carminibus
1562 1892 1717 1942 epicis,
1750 1903 1866 1942 quae

319 1964 635 2002 inscribuntur:
703 1962 932 2014 Ἡρακλῆς,
990 1962 1200 2014 Εὐρώπη,
1245 1961 1444 2013 ΣΙΙεγάρα,
1501 1961 1708 2012 exempla
1774 1961 1868 1999 eius

316 2034 596 2084 repetitionis
629 2033 802 2071 desunt.

436 2103 526 2142 Sed
574 2110 621 2142 ut
664 2115 882 2141 summam
932 2102 1112 2145 faciam.
1159 2103 1455 2153 cognovimus
1495 2115 1552 2140 ex
1597 2101 1868 2140 carminibus

319 2173 490 2212 collatis
523 2174 637 2212 hanc
671 2174 867 2224 speciem
905 2172 1307 2224 conduplicationis
1331 2186 1354 2210 a
1378 2171 1620 2211 Theocrito
1655 2171 1868 2223 imprimis

319 2245 359 2282 in
394 2243 542 2295 idyllio
577 2257 607 2282 1.
631 2249 677 2281 et
710 2243 932 2282 interdum
970 2244 1010 2281 in
1046 2242 1139 2281 aliis
1174 2242 1386 2281 bucolicis
1420 2242 1475 2281 ad
1509 2248 1686 2280 cantum
1724 2241 1868 2292 expri-

321 2313 529 2352 mendum
579 2314 820 2352 adhibitam
874 2326 986 2359 esse,
1031 2326 1129 2351 cum
1179 2314 1220 2351 in
1267 2313 1537 2351 carminibus
1576 2312 1740 2350 ceteris
1772 2310 1868 2350 fere

321 2396 561 2435 numquam
598 2396 652 2421 ea
684 2390 902 2429 uteretur;
938 2383 1096 2423 eadem
1134 2383 1294 2421 deinde
1330 2383 1385 2420 ab
1416 2381 1700 2420 inferioribus
1722 2382 1869 2433 poetis

321 2454 533 2492 bucolicis
585 2460 775 2504 accepta
829 2460 917 2499 est;
972 2460 1063 2492 tum
1109 2452 1353 2504 Vergilius,
1407 2458 1452 2491 ut
1502 2453 1543 2490 in
1597 2451 1689 2490 aliis
1734 2451 1869 2490 rebus

322 2523 547 2561 Theocriti
590 2524 780 2573 vestigia
814 2524 995 2574 pressit,
1040 2524 1125 2562 hoc
1166 2522 1395 2562 artificium
1438 2535 1576 2573 saepe
1615 2523 1657 2560 in
1699 2521 1870 2573 eclogis

323 2593 534 2638 adhibuit,
567 2606 667 2631 raro
703 2594 741 2631 in
777 2594 941 2631 ceteris
975 2593 1105 2632 libris.
1171 2594 1234 2632 Ex
1267 2594 1328 2640 iis,
1361 2606 1476 2645 quae
1511 2592 1710 2644 exposui,
1742 2593 1870 2643 sequi

322 2677 472 2715 spero,
533 2670 578 2702 ut
630 2664 743 2702 haec
796 2665 1023 2715 repetitio,
1077 2677 1175 2703 cum
1232 2678 1284 2702 ea
1338 2665 1611 2702 canticorum
1672 2662 1869 2700 suavitas

323 2734 629 2784 vstingeretur,
662 2736 806 2785 primo
834 2735 1076 2785 praecipue
1101 2735 1250 2785 poesis
1282 2733 1510 2772 bucolicae
1534 2733 1715 2785 propria
1737 2731 1870 2771 fuerit

324 2817 470 2855 neque
517 2804 572 2841 ab
618 2804 740 2842 initio
787 2805 827 2842 in
875 2803 1069 2843 artificiis
1112 2803 1195 2842 stili
1236 2804 1444 2842 rhetorici
1485 2802 1763 2842 numeranda
1793 2803 1868 2848 sit;

323 2881 481 2924 postea
514 2881 674 2925 poetas
706 2873 939 2913 Romanos
973 2874 1229 2912 inferiorum
1266 2880 1516 2925 temporum
1554 2873 1732 2924 quidem
1769 2885 1866 2911 eam
