2222 3417
915 240 968 245 ·—
1038 228 1114 255 102
1181 239 1234 243 ·—

420 369 427 376 .
451 369 458 376 .
483 369 490 375 .
513 336 581 375 καὶ
613 334 659 374 τὺ
693 334 728 374 δ’
753 334 839 374 ἐπεὶ
870 333 908 373 κ’
934 334 1084 385 ἔσορῇς
1115 331 1186 376 τὰς
1216 331 1430 382 παρθένος
1461 330 1527 370 οἷα
1560 329 1726 382 γελᾶντι,

510 407 650 446 τάκεαι
682 404 932 457 ὀφθαλμώς,
966 404 1023 443 ὅτι
1056 403 1106 442 οἵ·
1137 402 1238 454 μετὰ
1272 405 1373 441 ταῖσι
1406 401 1600 453 χορεύεις.

307 497 338 531 ι,
358 497 396 522 1:
505 482 604 522 Ἁὸύ
635 497 667 521 τι
699 480 744 520 τὸ
776 480 1016 532 ψιθύρισμα
1048 479 1118 518 καὶ
1150 479 1175 518 ἆ
1207 479 1333 523 πίτυς,
1367 476 1520 522 αἰπόλε,
1551 477 1652 528 τήνα

512 553 537 592 ἁ
569 552 659 592 ποτὶ
691 555 776 595 ταῖς
806 554 974 602 παγαῖσι
1005 549 1246 602 μελίσόεται,
1278 547 1357 588 ἁδὺ
1391 547 1435 587 δὲ
1466 546 1536 586 καὶ
1565 546 1612 586 τύ

513 622 710 673 σι’ρίσὸες.

304 712 456 748 5,110:
511 699 569 738 τοὶ
601 699 766 749 τέττιγες
798 697 930 749 ὁρῆτε,
963 696 1032 736 τὸν
1065 695 1236 736 αἰπόλον
1269 695 1329 738 ὡς
1360 693 1547 745 ἐρεθίζω.

513 769 649 813 οὕτως
679 769 843 820 κῖῗμμες
874 768 958 819 ’θην
990 767 1191 818 ἐρεθίζετε
1222 768 1304 810 τὼς
1335 763 1608 816 καλαμευτάς.

301 851 393 890 Iam
428 863 527 890 curn
562 851 629 889 his
662 849 950 888 conferamus
985 848 1194 900 exempla
1227 849 1320 886 eius
1343 846 1704 891 coordinationis,
1739 857 1855 896 quae

302 923 342 960 in
375 921 553 973 reliquis
582 920 869 972 poematibus
891 918 1121 956 Theocriti
1147 919 1446 956 inveniuntur.
1497 915 1692 954 Primum
1718 916 1760 953 in
1784 913 1855 953 illo

303 991 590 1043 epithalamio
624 990 831 1028 Helenae
866 989 935 1040 (id.
965 990 1029 1037 18)
1063 988 1107 1027 hi
1139 1000 1297 1027 versus
1330 986 1560 1038 leguntur:

306 1076 376 1112 26:
515 1073 604 1117 ἀὼς
636 1071 871 1111 ἀντέλλοισα
903 1071 1032 1110 καλὸν
1066 1070 1234 1122 ὁιέφανε
1264 1069 1493 1120 πρόςωπον

514 1140 545 1197 †
567 1143 711 1182 πότνια
744 1143 819 1188 νύξ
840 1139 872 1196 ’ξ-
905 1143 973 1181 ἅτε
1004 1140 1153 1181 λευκὸν
1184 1141 1258 1191 ἔαρ
1291 1142 1497 1192 χειμῶνος
1528 1138 1704 1181 ἀνέντος.

515 1211 601 1253 ὧδε
632 1213 759 1251 καὶὴ
792 1212 948 1264 χρυσέα
976 1211 1118 1251 Ἑλένα
1152 1209 1375 1262 ὃιαφαίνετ’
1410 1210 1453 1249 ἐν
1484 1209 1592 1260 ἁμῖν.

515 1284 649 1334 πιείρᾳ
680 1283 789 1335 μέγα
821 1282 922 1334 λᾷον
954 1281 1164 1332 ἀνέδραμε
1195 1280 1358 1332 κόσμος
1390 1279 1553 1331 ἆρούρᾳ

519 1355 541 1406 ἢ
573 1354 700 1405 κάπῳ
731 1353 987 1404 κυπάρισσος
1021 1354 1043 1404 ἢ
1076 1352 1227 1403 ἅρματι
1265 1349 1476 1393 Θεσσαλὸς
1507 1350 1646 1393 ἵππος·

517 1422 602 1463 ὧὸε
634 1423 703 1462 καὶ
735 1423 760 1462 ἁ
795 1423 1017 1474 ῥοὸόχρως
1043 1421 1186 1461 Ἑλένα
1218 1420 1504 1472 Λακεδαίμονι
1535 1419 1705 1471 κόσμος.

308 1505 406 1556 Quo
441 1506 556 1551 loco,
598 1518 868 1557 quamquam
906 1504 1087 1543 lectioni
1120 1503 1323 1542 codicum
1361 1502 1583 1553 quaedam
1619 1502 1727 1539 vitia
1759 1500 1861 1539 sub-

307 1577 459 1626 sunt‚¹)
492 1583 645 1614 tamen
680 1575 1042 1614 verisimillimum
1079 1574 1185 1612 mihi
1216 1573 1396 1612 videtur
1427 1573 1469 1610 in
1495 1578 1684 1623 utraque
1713 1569 1862 1609 simili-

306 1647 459 1686 tudine
494 1647 699 1684 membra
732 1658 756 1683 a
790 1650 927 1696 poeta
960 1645 1167 1696 parataxi
1201 1644 1442 1682 coniuncta
1475 1654 1593 1687 esse:
1627 1641 1713 1679 hoc
1742 1641 1861 1679 bene

308 1718 520 1756 convenit
549 1729 647 1755 cum
680 1716 804 1754 suavi
835 1714 1132 1766 simplicitate,
1167 1727 1282 1765 quae
1306 1713 1408 1751 huic
1432 1712 1591 1763 generi
1614 1711 1861 1749 litterarum

308 1789 422 1827 sicut
453 1786 658 1826 bucolico
693 1792 800 1837 apta
834 1792 915 1824 est.
966 1784 1145 1824 Deinde
1178 1785 1313 1822 etiam
1338 1784 1379 1822 in
1405 1783 1569 1822 ceteris
1591 1781 1863 1821 carminibus

309 1857 531 1897 interdum
567 1870 619 1895 eu
652 1857 883 1907 parataxis
917 1855 1306 1894 animadvertitur:

318 1943 465 1985 16‚60:
521 1938 605 1977 ἀλλ’
631 1939 717 1981 ἶσος
750 1937 827 1989 γὰρ
861 1937 884 1976 ὁ
915 1937 1082 1989 μόχθος
1114 1936 1176 1975 ἔπ’
1202 1935 1292 1988 ᾐόνι
1324 1935 1489 1987 κύματα
1520 1938 1691 1986 μετρεῖν,

521 2009 607 2048 ὅσσ’
642 2008 794 2060 ἄνεμος
826 2008 1023 2060 χέρσονὸε
1054 2006 1157 2046 κατὰ
1192 2006 1373 2058 γλαυκᾶς
1405 2005 1503 2049 ἁλὸς
1535 2004 1651 2049 ὠθεῖ,

525 2081 546 2132 ἢ
583 2079 696 2119 ἕὸατι
729 2079 849 2126 νίζειν
883 2077 1061 2129 θολεραν
1095 2077 1257 2117 ὃιαειὸέι
1289 2076 1474 2121 πλίνθον,

523 2150 590 2189 καὶ
625 2148 887 2201 ([ιλοκερὸείῃ
920 2148 1210 2200 βεβλαμμένον
1242 2146 1375 2197 ἄνδρα
1407 2145 1640 2196 παρελθεῖν,

315 2246 401 2285 quo
436 2233 534 2271 loco
569 2246 622 2270 ea
654 2231 914 2283 simplicitas
948 2242 1047 2268 cum
1083 2228 1367 2267 similitudine
1403 2227 1544 2266 altera
1571 2226 1717 2278 lepide
1746 2225 1867 2265 dicta

315 2315 567 2354 congruere
616 2302 717 2340 mihi
764 2301 959 2346 videtur:
1012 2300 1272 2351 saepissime
1326 2305 1564 2349 utrumque
1614 2297 1863 2336 membrum

317 2375 458 2412 minus
492 2380 586 2411 arte
620 2373 907 2411 coniunctum
944 2376 1031 2409 est:

348 2458 470 2503 2.48:
526 2454 756 2506 ἱππαιιανὲς
787 2453 918 2505 ([ὐτόν
951 2453 1029 2492 ἔστι
1061 2451 1160 2502 παρ’
1189 2451 1370 2502 Ἀρκάσι,
1403 2453 1462 2501 τῷ
1495 2449 1530 2489 (δ’
1555 2449 1620 2488 ἐπὶ
1650 2453 1777 2488 πᾶσαι

527 2525 597 2564 καὶ
627 2524 759 2563 πῶλοι
792 2524 1005 2576 μαίνονται
1039 2522 1100 2562 ἀν’
1126 2522 1241 2573 ὤρεα
1273 2521 1341 2560 καὶ
1374 2519 1474 2559 θοαὶ
1507 2520 1632 2559 ἵπποι.

439 2641 462 2682 ¹)
491 2641 555 2672 llis
582 2640 704 2672 verbis
731 2639 949 2672 coniunctis:
977 2638 1046 2676 ιῖιῦς
1073 2664 1079 2670 .
1101 2664 1106 2670 .
1128 2663 1134 2670 .
1163 2635 1366 2682 πρόσωπον,
1402 2646 1508 2679 quam
1537 2633 1867 2678 interpretationem

320 2700 626 2738 VVilamowstz,
659 2699 679 2730 l.
706 2699 725 2731 1.
751 2709 832 2741 pag.
859 2704 900 2739 03
931 2698 1012 2729 adn.
1048 2707 1055 2728 1
1095 2696 1257 2740 protulit,
1288 2682 1502 2729 eontextum
1532 2695 1725 2726 verborum
1753 2693 1870 2725 sanari

320 2758 402 2790 milii
435 2758 657 2800 persuadere
691 2768 761 2788 non
795 2766 962 2799 possum;
1003 2767 1082 2787 nam
1117 2756 1145 2788 si
1179 2759 1290 2798 poeta
1322 2764 1451 2786 revera
1484 2754 1531 2785 ita
1561 2752 1785 2795 scripsisset,
1823 2761 1869 2783 ne

320 2816 448 2849 Graeci
468 2826 626 2859 quoquc,
653 2816 711 2858 qui
732 2816 914 2857 legebant,
942 2815 987 2846 ad
1014 2815 1107 2847 hacc
1128 2814 1256 2846 verba:
1285 2811 1354 2851 dds,-
1380 2812 1587 2846 ιίντέλλυισα
1615 2810 1871 2853 coniungenda

321 2875 454 2907 inducti
482 2880 619 2914 essent,
648 2885 788 2907 vercor.
