2222 3417
899 247 1187 283 —61—

267 363 446 401 nomina
484 374 583 401 cum
626 363 1140 401 attributisconiuncta.
1201 361 1378 413 Itaque,
1418 375 1690 413 quamquam
1729 375 1818 400 non

265 432 362 483 plus
393 445 525 471 unum
556 446 732 471 versum
759 433 853 471 eius
876 433 1059 483 generis
1089 433 1129 470 in
1162 433 1360 471 carmine
1387 433 1819 477 62.observavimus,

266 511 416 541 tamen
443 516 496 541 eo
522 503 575 548 id,
609 504 729 554 quod
752 515 885 554 supra
909 504 1057 548 statui,
1091 502 1380 542 confirmatur
1403 503 1488 540 hoc
1512 515 1649 541 suave
1673 515 1819 553 genus

265 573 440 611 dicendi
474 574 717 612 carminum
754 573 1014 624 nuptialium
1046 587 1099 612 ea
1128 587 1176 611 re
1200 586 1453 624 congruere
1478 585 1578 611 cum
1603 572 1819 619 bucolico,

265 643 385 694 quod
419 645 459 682 ei
492 643 596 682 talia
630 645 833 682 membra
865 643 1078 694 parallela
1111 644 1342 695 aptissima
1374 649 1489 682 sunt.

636 820 664 872 ξ
697 817 737 860 3.
800 819 868 861 De
901 818 1177 870 symmetria
1208 829 1447 860 versuum.

383 912 602 964 Quoniam
628 912 890 965 Vergilium,
925 920 971 952 ut
999 919 1134 952 antea
1162 912 1363 952 Graecos
1391 919 1551 964 poetas
1579 912 1819 957 bucolicos,

263 985 304 1022 in
330 985 600 1022 carminibus
627 984 839 1022 bucolicis
867 984 1061 1022 libenter
1088 984 1391 1029 hemistichiis,
1426 996 1611 1034 quorum
1643 982 1820 1033 singula

263 1055 403 1092 verba
437 1055 519 1092 sibi
552 1055 847 1105 respondent,
889 1067 1011 1092 usum
1056 1067 1172 1099 esse,
1212 1066 1310 1092 cum
1355 1054 1471 1091 idem
1508 1052 1739 1091 artificium
1776 1054 1817 1090 in

263 1124 363 1162 stilo
404 1126 531 1175 epico
573 1124 710 1162 multo
753 1125 896 1162 minus
937 1124 1243 1169 adhiberetur,
1289 1124 1495 1174 probavi,
1539 1130 1721 1161 transeo
1763 1123 1819 1161 ad

263 1208 418 1233 versus
471 1196 752 1240 coniunctos,
805 1196 878 1246 qui
931 1195 1228 1245 grammatica
1282 1195 1455 1232 ratione
1509 1195 1814 1245 symmetriam

262 1266 497 1315 praebent.
547 1265 676 1304 Hanc
710 1265 1028 1316 aequalitatem
1066 1278 1288 1311 versuum,
1322 1277 1419 1303 cum
1450 1265 1492 1302 in
1517 1265 1583 1302 his
1608 1277 1820 1302 numerus

264 1335 580 1373 vocabulorum
618 1337 758 1374 maior
796 1337 851 1373 sit
891 1348 1022 1386 quam
1060 1336 1100 1373 in
1136 1335 1445 1380 hemistichiis,
1491 1335 1567 1372 vix
1606 1347 1815 1385 umquam

263 1411 351 1443 tam
389 1411 643 1443 accuratam
681 1418 780 1443 esse
814 1418 947 1456 quam
984 1405 1152 1443 illorum
1180 1406 1379 1443 brevium
1407 1404 1604 1443 colorum
1632 1406 1717 1442 iam
1744 1418 1819 1442 ex-

263 1477 557 1526 spectandum
608 1483 695 1516 est:
742 1489 864 1523 nam,
910 1477 951 1513 ni
992 1477 1051 1514 ita
1092 1482 1229 1521 esset,
1275 1488 1327 1513 ea
1367 1476 1627 1526 symmetria
1670 1476 1820 1525 potius

263 1545 502 1584 artificiosa
535 1552 582 1584 et
614 1548 909 1584 immoderata
945 1559 1078 1597 quam
1115 1545 1253 1583 dulcis
1287 1552 1419 1583 esset.
1481 1545 1641 1596 Itaque
1677 1546 1718 1582 in
1752 1545 1819 1582 his

263 1617 465 1654 versibus
509 1616 732 1667 parallelis
777 1617 1095 1654 enumerandis
1142 1622 1231 1654 tam
1272 1629 1475 1654 severam
1519 1616 1814 1666 syntacticam

263 1688 627 1733 concinnitatem,
662 1700 793 1738 quam
821 1688 859 1725 in
888 1686 1178 1725 hemistichiis
1203 1687 1556 1731 observavimus,
1589 1685 1817 1736 postulare

264 1770 349 1795 non
387 1757 623 1803 debemus;
671 1770 768 1795 cum
813 1764 962 1795 autem
1001 1757 1262 1808 symmetria
1298 1756 1476 1794 liberior
1509 1756 1582 1801 sit,
1629 1761 1819 1806 apparet

265 1826 480 1865 difficilius
514 1840 612 1865 esse
649 1828 903 1879 dijudicare,
938 1840 1054 1878 quae
1079 1827 1176 1865 loca
1200 1826 1432 1864 afferenda
1455 1827 1556 1871 sint,
1592 1838 1707 1876 quae
1731 1826 1814 1863 iam

262 1898 683 1948 praetermittenda.

380 1979 596 2030 Exempla
626 1981 719 2017 eius
746 1980 1073 2030 congruentiae
1103 1980 1143 2017 in
1172 1980 1317 2017 varias
1346 1978 1511 2016 classes
1544 1978 1818 2015 distribuam.

264 2048 411 2087 Primo
433 2050 530 2089 loco
553 2064 605 2088 ea
627 2051 752 2101 paria
773 2063 980 2088 versuum
1006 2049 1209 2093 laudabo,
1232 2061 1348 2100 quae
1373 2054 1586 2099 quattuor
1604 2049 1817 2085 membris

263 2120 484 2171 parallelis
517 2122 578 2159 ita
611 2126 832 2166 constant,
867 2127 913 2158 ut
938 2121 1112 2171 utrique
1138 2120 1282 2158 versui
1306 2120 1411 2157 bina
1434 2119 1540 2163 sint;
1576 2130 1673 2156 cum
1705 2118 1815 2155 haec

264 2190 484 2241 exempla,
517 2192 558 2228 in
595 2191 754 2242 quibus
787 2197 940 2242 partes
973 2190 1249 2241 singulorum
1286 2201 1491 2227 versuum
1520 2201 1699 2239 quoque
1734 2188 1815 2225 sibi

263 2261 558 2311 respondent,
592 2261 676 2298 iam
713 2262 753 2298 in
787 2260 838 2313 ξξ
874 2274 885 2298 1
917 2266 964 2298 et
987 2273 1007 2298 2
1045 2261 1272 2310 exscripta
1305 2261 1403 2303 sint,
1439 2259 1507 2296 hic
1543 2272 1595 2296 ea
1619 2259 1816 2295 breviter

265 2331 403 2369 citare
427 2330 577 2369 velim:
616 2343 650 2379 3.
668 2336 806 2382 josq„
841 2344 876 2379 5,
895 2333 1031 2382 76sq.,
1060 2330 1219 2381 quibus
1244 2329 1350 2368 locis
1376 2329 1577 2367 membra
1602 2329 1642 2365 in
1668 2328 1815 2378 priore

264 2413 395 2438 versu
430 2407 474 2438 et
507 2402 712 2439 membra
744 2402 785 2439 in
820 2401 961 2439 altero
995 2402 1140 2452 posita
1182 2402 1296 2438 inter
1328 2413 1375 2437 se
1410 2398 1540 2450 paulo
1575 2399 1711 2436 artius
1745 2410 1816 2435 co-

264 2471 464 2516 haerent,
497 2483 688 2522 5‚32sq.‚
724 2484 940 2522 io,29sq.,
973 2474 1162 2521 3,8osq.‚
1195 2474 1384 2520 3‚82sq.,
1418 2473 1608 2519 7,o1sq.,
1638 2470 1816 2517 7.o5sq.

264 2540 556 2579 Inveniuntur
588 2542 723 2592 igitur
755 2543 795 2579 in
822 2540 1042 2579 Bucolicis
1070 2543 1092 2578 8
1121 2539 1329 2591 exempla
1358 2540 1484 2577 huius
1512 2539 1816 2589 symmetriae.

266 2610 347 2649 His
380 2610 488 2649 locis
520 2613 779 2662 symmetria
816 2613 993 2649 minime
1030 2626 1053 2649 e
1078 2624 1196 2658 casu,
1228 2610 1308 2649 sed
1343 2623 1400 2648 ex
1433 2609 1616 2647 consilio
1652 2614 1815 2658 poetae

266 2688 370 2719 nata
405 2687 483 2726 est,
516 2682 561 2719 id
584 2682 704 2732 quod
727 2682 992 2732 praesertim
1018 2682 1084 2719 his
1109 2682 1242 2718 rebus
1266 2679 1568 2718 confirmatur.
1623 2677 1666 2715 In
1699 2676 1815 2714 nullo

266 2751 421 2789 horum
469 2751 775 2802 exemplorum
823 2752 1101 2789 concinnitas
1147 2750 1239 2788 aliis
1291 2749 1502 2787 membris
1542 2754 1723 2798 praeter
1763 2760 1814 2784 ea

232 2859 235 2862 Α
268 2827 479 2872 quattuor
518 2822 766 2859 coniunctis
805 2822 1089 2859 imminuitur.
1151 2820 1329 2857 Deinde
1372 2820 1412 2857 in
1454 2817 1570 2856 nullo
1606 2816 1815 2867 exemplo

269 2892 417 2937 verba,
448 2904 563 2942 quae
587 2892 890 2929 membrorum
916 2890 1167 2941 aequalium
1193 2890 1448 2928 communia
1470 2894 1584 2932 sunt,
1613 2893 1679 2924 tot
1702 2892 1816 2931 sunt,
