2222 3417
956 290 1244 328 -72-

325 402 368 439 in
401 400 467 438 his
499 398 673 450 idylliis,
712 396 766 436 cf.
791 398 982 447 2‚388q.,
1020 397 1238 446 18,2osq.‚
1277 405 1512 444 17,11osq.
1573 391 1782 432 Ceterum
1819 391 1874 430 de

326 470 528 508 versibus
572 468 732 506 tertiae
773 466 925 504 classis
965 465 1201 504 dicendum
1243 469 1313 502 est
1351 462 1492 501 nullos
1530 467 1621 500 tam
1663 467 1873 500 accurate

328 540 411 578 sibi
442 538 717 590 respondere
750 542 933 588 praeter
964 548 1121 574 versus
1149 535 1204 573 id.
1233 536 1294 580 16,
1311 545 1409 584 3sq.
1437 544 1567 583 quam
1598 531 1693 571 illos
1719 543 1875 570 versus

327 608 650 648 Bucolicorum.

443 678 745 716 Transeamus
778 677 835 714 ad
867 675 939 714 illa
971 676 1171 714 carmina
1199 673 1454 712 inferiorum
1479 678 1714 723 poetarum
1740 672 1876 709 buco-

326 748 522 787 licorum.
564 746 612 785 In
628 746 777 798 idyllio
799 759 863 784 20.
881 745 991 784 tales
1012 757 1168 783 versus
1189 744 1362 782 desunt.
1407 742 1568 793 Neque
1590 742 1877 780 inveniuntur

325 819 367 856 in
401 817 550 868 idyllio
585 829 650 866 27.
689 816 809 868 quod
849 829 936 854 non
979 816 1134 854 mirum
1176 820 1261 860 est,
1301 813 1510 864 quoniam
1552 812 1645 850 eius
1681 811 1875 850 maxima

327 900 431 938 pars
449 893 529 933 est,
554 894 601 925 ut
617 888 677 925 ita
696 887 853 932 dicam,
877 885 1207 936 stichomythia.
1251 883 1486 922 Postremo
1508 887 1645 933 poeta
1661 880 1877 932 epitaphii

325 956 477 996 Bionis
509 957 594 995 hoc
627 954 812 994 artificio
837 962 926 994 tam
953 955 1145 993 libenter
1169 967 1271 992 usus
1295 959 1375 1000 est,
1400 958 1446 991 ut
1468 952 1652 1003 longum
1675 951 1733 989 sit
1754 950 1876 988 locos

326 1027 602 1065 exscribere:
637 1025 692 1065 cf.
715 1038 871 1064 versus
900 1037 1005 1076 isq„
1040 1036 1179 1075 2osq.,
1214 1025 1354 1074 2osq.,
1389 1035 1528 1073 518q.‚
1562 1033 1708 1072 53sq.:
1748 1032 1876 1070 prae-

329 1098 457 1148 cipue
491 1109 840 1147 nonnumquam,
874 1108 962 1146 quo
996 1107 1144 1145 neque
1177 1092 1446 1131 Theocritus
1478 1104 1626 1142 neque
1648 1089 1876 1142 Vergilius

325 1179 592 1218 progressus
615 1173 695 1211 est,
718 1165 817 1217 plus
840 1171 932 1203 tres
950 1177 1106 1203 versus
1128 1163 1364 1215 parallelos
1386 1162 1628 1208 coniunxit,
1651 1160 1877 1200 ef.versus

328 1239 451 1286 3—8,
476 1249 658 1286 37—44,
683 1238 874 1285 87—92:
912 1247 1099 1285 quorum
1134 1233 1331 1272 locorum
1366 1232 1551 1271 schema
1583 1231 1698 1269 idem
1735 1236 1805 1268 est
1832 1230 1875 1268 in

325 1320 377 1345 ea
410 1320 475 1352 re,
516 1306 636 1357 quod
667 1312 803 1356 poeta
837 1317 1019 1355 semper
1052 1305 1094 1342 in
1136 1309 1341 1342 extrema
1373 1303 1488 1341 serie
1522 1301 1638 1339 hanc
1670 1311 1874 1339 severam

326 1377 630 1427 symmetriam
667 1387 872 1413 versuum
910 1374 1118 1412 deseruit.

444 1445 525 1484 His
574 1457 800 1496 opponam
847 1444 918 1482 illa
962 1444 1162 1482 carmina
1206 1443 1351 1493 epica,
1398 1454 1513 1493 quae
1559 1441 1877 1479 inscribuntur:

319 1514 549 1567 ἹΙρακλῆς,
588 1514 798 1567 Εῧρώπη,
837 1513 1039 1565 ssleyfiym
1078 1514 1119 1551 in
1163 1513 1324 1564 quibus
1359 1511 1472 1550 tales
1507 1524 1661 1550 versus
1694 1523 1783 1549 non
1814 1511 1877 1548 in-

325 1587 582 1628 veniuntur:
629 1585 880 1635 comparari
924 1589 1096 1622 tantum
1147 1583 1216 1621 hic
1261 1581 1384 1621 locus
1426 1582 1634 1620 carminis
1667 1579 1879 1632 Ἡρακλῆς

327 1662 495 1706 potest:

354 1749 396 1786 9:
533 1735 616 1775 ἀλλ’
645 1737 691 1775 αἳ
717 1737 794 1787 μέν
827 1736 879 1786 ῥα
912 1736 1101 1786 νέμονται
1133 1734 1194 1773 ἔπ’
1225 1733 1374 1786 ὄχθαις
1406 1732 1677 1777 Εἶλίσσοντος,

536 1807 581 1845 αἲ
609 1805 644 1845 δ’
673 1805 783 1856 ἱερὸν
819 1805 946 1844 θείοιο
978 1803 1093 1856 παρὰ
1125 1804 1227 1856 ῥόον
1254 1803 1469 1856 Ἀλφειοῖο,

539 1877 584 1915 αἵ
612 1875 646 1914 δ’
676 1876 738 1914 ἐπὶ
773 1875 1043 1925 Βουπρασίου
1075 1874 1373 1926 πολυβότρυος,
1407 1875 1453 1913 αἳ
1486 1873 1531 1913 ὂὲ
1562 1872 1631 1912 καὶ
1664 1870 1760 1912 ὧδε.

330 1971 401 2008 ubi
436 1969 802 2021 aequabilitatem
839 1970 1123 2020 oppositione
1159 1968 1470 2019 pronominum
1506 1967 1551 2005 αἳ
1570 1967 1647 2018 μέν
1675 1989 1728 1993 -
1755 1966 1802 2004 αἳ
1823 1964 1878 2011 δέ,

326 2041 438 2079 sicut
457 2041 635 2091 saepius
653 2040 693 2077 in
714 2039 812 2077 stilo
832 2040 974 2090 epico,
997 2037 1209 2077 effectam
1229 2050 1328 2075 esse
1349 2049 1480 2075 nemo
1500 2042 1568 2074 est
1588 2037 1692 2088 quin
1716 2035 1879 2074 videat.

442 2109 504 2148 Ut
547 2122 764 2147 summam
815 2108 994 2154 faciam,
1047 2109 1343 2159 cognovimus
1379 2106 1626 2158 Vergilium
1675 2106 1878 2144 versibus

326 2179 545 2231 parallelis
579 2180 839 2225 coniunctis,
873 2178 991 2229 quod
1025 2177 1255 2216 artificium
1289 2179 1420 2215 etiam
1454 2177 1494 2214 in
1526 2177 1651 2227 poesi
1675 2175 1879 2214 bucolica

327 2247 600 2288 Graecorum
638 2249 782 2300 magis
816 2248 1061 2286 adhibitum
1098 2253 1167 2285 est
1197 2260 1329 2298 quam
1363 2248 1403 2284 in
1435 2247 1576 2297 epica,
1608 2246 1876 2284 suavitatem

328 2321 484 2370 generi
519 2326 668 2370 aptam
704 2320 745 2357 in
782 2318 953 2368 eclogis
985 2317 1202 2356 effecisse.

443 2388 583 2426 Etiam
611 2390 665 2426 de
686 2389 768 2427 hac
792 2401 839 2426 re
864 2388 934 2426 illa
957 2388 1044 2426 duo
1069 2389 1266 2426 carmina
1283 2385 1439 2426 Catulli
1461 2389 1528 2425 62.
1547 2391 1592 2423 et
1612 2388 1678 2435 64.
1693 2384 1879 2437 perlegi.

324 2459 386 2496 At
420 2458 622 2497 concedo
657 2459 771 2497 hanc
799 2459 1107 2509 symmetriam
1145 2470 1350 2495 versuum
1387 2457 1427 2495 in
1463 2455 1750 2507 epithalamio
1781 2457 1877 2505 (62.)

328 2541 413 2566 non
449 2530 626 2579 saepius
658 2541 738 2579 pro
773 2535 870 2566 rata
904 2535 1032 2579 parte
1068 2540 1304 2566 occurrere
1339 2539 1470 2578 quam
1507 2526 1547 2564 in
1584 2526 1781 2564 carmine
1813 2528 1879 2574 64.

327 2597 372 2635 In
410 2598 493 2636 hoc
527 2599 641 2636 enim
678 2598 790 2635 tales
823 2611 978 2636 versus
1011 2596 1247 2648 parallelos
1282 2610 1368 2635 non
1404 2608 1526 2634 raros
1557 2608 1655 2634 esse
1686 2596 1769 2633 iam
1803 2608 1878 2634 ex-

325 2668 618 2719 spectandum
662 2675 730 2706 est
766 2676 1026 2719 propterea,
1068 2667 1189 2719 quod
1223 2668 1262 2705 in
1298 2680 1352 2706 eo
1387 2664 1584 2706 Catullus
1616 2666 1876 2717 saepissime

325 2737 484 2776 finibus
523 2751 728 2777 versuum
774 2744 926 2789 partes
965 2739 1178 2776 orationis
1224 2736 1429 2785 dividit.¹)
1499 2734 1598 2786 Qua
1643 2735 1697 2774 de
1743 2747 1878 2773 causa

445 2865 468 2905 ¹)
496 2863 548 2897 Cf.
569 2864 726 2902 Norden,
754 2864 773 2896 l.
794 2864 813 2897 l.
833 2875 914 2907 pag.
935 2873 1012 2905 379.
1055 2864 1154 2907 May,
1181 2864 1200 2895 l.
1221 2863 1239 2895 l.
1260 2874 1340 2906 pag.
1362 2872 1402 2904 33
1423 2867 1514 2895 extr.
1554 2861 1704 2899 Ibidem,
1725 2872 1806 2904 pag.
1822 2863 1877 2900 82,

327 2924 499 2966 exempla
525 2922 692 2955 carminis
719 2930 773 2962 04,
800 2933 894 2965 quae
921 2922 992 2954 huc
1020 2923 1212 2965 pertinent,
1239 2926 1450 2955 enumerata
1476 2920 1652 2953 invenies.
