2222 3417
964 227 1256 264 -94-

336 333 499 372 nullum
535 332 790 384 exemplum
826 333 868 371 in
899 331 1062 384 epyllio
1086 334 1138 383 (0.
1162 333 1230 380 64)
1258 330 1396 370 multo
1421 330 1624 383 longiore
1649 330 1885 380 occurrit.²)

336 402 418 442 His
457 403 675 454 exemplis
715 402 882 441 addere
921 414 1159 454 possumus
1196 401 1315 440 hunc
1353 400 1498 440 locum
1539 401 1747 441 carminis
1784 414 1882 440 cum

335 474 460 524 poesi
493 473 693 524 populari
729 479 825 511 arte
861 473 1159 520 cohaerentis,
1193 471 1314 524 quod
1345 471 1387 509 in
1414 471 1508 509 vita
1533 471 1721 511 Homeri
1744 470 1886 511 Hero-

337 544 444 582 doto
478 543 590 582 falso
625 543 851 594 adscripta
885 542 1099 581 traditum
1134 547 1204 580 est
1236 544 1287 591 (0.
1313 542 1398 591 33):

477 624 612 677 Δῶμα
643 623 1030 676 προςετραπόμεσθ’
1058 623 1212 675 ἀνδρὸς
1240 624 1366 676 μέγα
1399 622 1716 675 δυναμένοιο,

477 696 524 739 ὃς
554 696 680 746 μέγα
711 695 800 747 μὲν
833 694 1054 740 δύναται,
1085 695 1193 746 μέγα
1227 694 1271 733 δὲ
1301 693 1448 745 πρέπει
1479 693 1618 745 ὄλβιος
1649 692 1776 743 αἶει,2)

339 778 411 816 ubi
450 778 575 822 item,
621 778 701 815 nisi
742 777 872 816 lectio
913 782 1126 828 corrupta
1160 782 1245 823 est,
1289 776 1403 814 haec
1447 776 1656 826 repetitio
1701 774 1888 827 simplici

337 848 530 886 sermoni
565 855 672 898 apta
705 848 938 886 invenitur.

455 916 547 957 Sed
581 924 627 956 ut
660 918 773 956 haec
813 917 1062 964 absolvam,
1102 917 1292 955 vidimus
1331 917 1447 955 hanc
1486 917 1683 968 speciem
1725 927 1889 966 epana-

338 987 470 1039 lepsis
508 989 550 1026 in
590 1000 762 1039 genere
802 987 1006 1026 bucolico
1042 986 1226 1038 aliisque
1259 986 1518 1038 generibus,
1557 998 1673 1037 quae
1712 986 1752 1023 ei
1789 997 1889 1036 pro-

337 1059 505 1110 pinqua
538 1064 658 1102 sunt,
698 1059 912 1109 imprimis
946 1057 1189 1096 adhibitam
1227 1069 1345 1102 esse;
1387 1069 1488 1094 nam
1526 1056 1611 1094 hoc
1645 1056 1888 1107 praecipue

337 1130 557 1167 sermonis
595 1130 743 1167 suavis
783 1141 835 1167 ac
874 1128 1008 1167 vividi
1045 1129 1272 1179 proprium
1314 1133 1399 1173 est,
1445 1126 1565 1178 quod
1604 1125 1768 1177 aliquid
1802 1126 1886 1163 iam

339 1199 505 1237 dictum
540 1200 770 1249 repetitur,
804 1199 1056 1237 accuratius
1089 1198 1340 1248 exponitur,
1375 1197 1538 1235 deinde
1572 1195 1783 1233 antithesi
1815 1207 1890 1233 ex-

338 1268 496 1320 pletur.
571 1269 613 1306 A
664 1269 811 1319 poetis
863 1266 1048 1308 Graecis
1085 1267 1310 1318 Vergilius
1362 1267 1477 1304 hanc
1528 1264 1719 1317 figuram
1763 1265 1890 1316 poesi

338 1339 570 1377 bucolicae
616 1347 766 1390 aptam
814 1339 1009 1390 accepit;
1056 1339 1132 1389 qui
1170 1350 1278 1375 sane
1318 1349 1407 1375 non
1447 1348 1546 1374 eam
1587 1336 1803 1387 speciem,
1847 1335 1889 1373 in

341 1422 427 1461 qua
461 1411 687 1447 sententia
711 1409 860 1447 verbis
883 1409 1088 1460 repetitis
1112 1408 1362 1458 corrigitur,
1395 1407 1607 1452 adhibuit,
1640 1406 1721 1444 sed
1743 1406 1890 1457 potius

342 1479 395 1518 id.
420 1492 456 1529 9,
485 1492 578 1531 ISq.
601 1487 783 1518 secutus
817 1486 886 1517 est
921 1491 972 1517 ac
997 1477 1262 1530 plerumque
1287 1477 1517 1528 complura
1538 1477 1679 1515 verba
1702 1476 1892 1514 iteravit.

341 1547 624 1601 Quamquam
681 1550 764 1588 hoc
819 1549 1057 1588 discrimen
1112 1548 1329 1599 denegari
1375 1560 1463 1586 non
1517 1552 1686 1598 potest,
1739 1551 1890 1583 tamen

341 1621 548 1658 existimo
589 1620 795 1658 omnibus
836 1619 1054 1670 exemplis
1094 1619 1220 1656 huius
1259 1616 1448 1668 figurae,
1495 1630 1583 1668 qua
1622 1615 1788 1667 aliquid
1824 1628 1892 1654 re-

341 1691 507 1741 petitur
546 1696 592 1728 et
630 1702 729 1728 cum
768 1689 909 1727 altero
957 1689 1161 1727 membro
1208 1688 1512 1738 coniungitur,
1557 1698 1655 1724 esse
1701 1685 1893 1737 ἀφέλειαν

343 1760 567 1811 quandam
603 1774 626 1798 a
660 1761 807 1811 poetis
841 1758 1054 1798 bucolicis
1088 1759 1350 1810 appetitam.

554 1910 581 1965 ξ
615 1911 656 1953 4.
705 1910 770 1953 De
803 1910 1055 1952 iteratione
1088 1920 1248 1951 versus
1280 1907 1466 1962 paulum
1501 1907 1682 1949 variati.

461 1994 596 2033 Aliud
641 2006 788 2045 genus
832 1994 1169 2044 repetitionum,
1217 1991 1336 2043 quod
1383 1991 1640 2042 legentibus
1684 1989 1895 2029 Bucolica

344 2063 531 2116 Vergilii
555 2077 636 2115 pro
665 2072 761 2102 rata
790 2070 919 2115 parte
948 2064 1128 2114 saepius
1153 2063 1356 2108 occurrit,
1389 2063 1430 2100 in
1456 2074 1510 2100 eo
1534 2061 1742 2107 cernitur,
1774 2059 1896 2111 quod

344 2141 465 2173 totus
489 2147 644 2173 versus
667 2135 821 2185 paucis
844 2140 1016 2171 tantum
1044 2134 1194 2171 verbis
1218 2133 1399 2170 mutatis
1422 2132 1651 2182 repetitur.
1703 2129 1895 2168 Plurima

345 2204 554 2256 exempla
600 2205 726 2243 huius
769 2205 951 2255 generis
998 2203 1196 2241 laudavit
1240 2200 1470 2247 Gemuer,
1515 2201 1537 2240 1.
1560 2200 1582 2239 l.
1605 2212 1744 2252 pagg.
1768 2202 1895 2251 ozsq.

346 2275 392 2313 In
429 2274 647 2313 Bucolicis
672 2273 857 2325 Vergilii
893 2274 933 2312 hi
970 2286 1124 2312 versus
1158 2273 1250 2310 eius
1283 2272 1466 2323 generis
1500 2271 1729 2322 leguntur:

347 2359 471 2405 4,58:
556 2355 648 2394 Pan
685 2357 832 2401 etiam,
866 2355 1062 2394 Arcadia
1098 2367 1271 2392 mecum
1308 2354 1341 2390 si
1377 2353 1520 2391 iudice
1554 2358 1712 2398 certet,

557 2425 649 2464 Pan
686 2427 818 2464 etiam
858 2425 1054 2464 Arcadia
1088 2424 1208 2462 dicat
1239 2437 1287 2461 se
1322 2423 1463 2461 iudice
1498 2423 1683 2468 victum:

348 2498 471 2544 8,49:
558 2496 747 2534 crudelis
784 2502 926 2533 mater
960 2496 1103 2546 magis
1137 2507 1190 2532 an
1226 2506 1338 2545 puer
1371 2494 1599 2544 improbus
1633 2492 1725 2531 ille?

561 2566 790 2616 improbus
823 2565 891 2604 ille
927 2578 1049 2616 puer,
1082 2564 1274 2603 crudelis
1309 2570 1352 2602 tu
1387 2576 1567 2615 quoque
1602 2569 1756 2601 mater.

349 2660 437 2698 quo
472 2647 568 2685 loco
604 2648 783 2699 quidem
820 2647 929 2686 ordo
955 2648 1191 2686 verborum
1226 2647 1368 2684 minus
1392 2644 1590 2696 aequalis
1613 2651 1699 2690 est;
1734 2643 1896 2682 deinde

469 2752 493 2792 Ι)
522 2752 558 2783 In
594 2763 653 2783 vv.
680 2758 786 2793 oisq.
820 2751 987 2793 repetitio
1022 2751 1124 2782 verbi
1158 2749 1373 2793 „prospicit“
1410 2749 1530 2791 potius
1560 2747 1758 2789 geminatio
1790 2756 1896 2789 quam

350 2809 430 2841 talis
457 2810 689 2852 epanalepsis
716 2814 782 2841 est.

466 2868 492 2909 ²)
522 2868 600 2900 1100
627 2868 753 2912 πρέπει
783 2868 940 2900 coniecit
968 2867 1092 2909 Ilgen
1119 2877 1182 2909 pro
1210 2867 1323 2898 verbo
1350 2865 1497 2897 tradito:
1523 2864 1659 2910 βρέμει.
