2222 3417
892 250 1184 286 „35-

264 359 498 405 poetarum
528 355 825 405 posteriorum
855 352 1145 392 referendum
1178 367 1290 398 esse,
1324 367 1489 405 operae
1513 355 1707 405 pretium
1735 356 1818 393 erit

264 423 475 463 nonnulla
507 425 705 462 carmina
738 425 867 475 epica
900 425 940 461 in
977 423 1096 462 libris
1130 423 1433 462 bucolicorum
1477 424 1658 471 tradita,
1701 438 1816 476 quae

262 500 366 544 post
388 493 677 533 Theocritum
712 508 737 532 a
769 495 915 546 poetis
948 495 1109 532 aetatis
1136 493 1479 532 Alexandrinae
1514 495 1682 545 scripta
1717 508 1815 533 esse

262 565 343 603 viri
376 564 497 603 docti
529 570 729 611 censent,
763 577 1045 615 comparare:
1087 577 1268 602 carmen
1308 563 1538 616 “Ηρακλῆς,
1580 564 1702 615 quod
1733 565 1814 603 sub

264 635 442 672 nomine
489 634 716 674 Theocriti
760 635 972 673 traditum
1019 640 1104 680 est,
1151 634 1347 686 epyllion
1395 634 1568 673 Moschi
1612 634 1816 686 Εὐρώπη,

263 716 445 742 carmen
489 704 681 756 ΛΙεγάρα.
744 705 792 743 In
837 706 981 756 primo
1028 718 1181 743 eorum
1229 711 1403 742 tantum
1446 705 1489 742 hi
1528 717 1683 743 versus
1723 705 1815 742 eius

261 776 443 826 generis
477 775 708 826 leguntur:

674 861 683 876 1
885 862 896 877 π
1087 861 1096 876 1
1356 861 1367 876 >z
1593 861 1604 876 2

292 892 364 929 49:
475 879 511 932 ᾧ
543 896 590 920 κε
621 880 666 920 τὸ
698 881 775 932 μὲν
807 881 970 932 εἴποιμι,
1000 879 1004 932 Ι
1032 879 1077 919 τὸ
1112 880 1146 919 δ’
1173 880 1218 919 ἐκ
1252 881 1458 932 φαμένοιο
1490 880 1717 931 πυθοίμην.

292 974 365 1011 9οῖ
758 963 895 1015 (νέφη)
931 963 1026 1001 εἶσιν
1059 962 1312 1014 ἐλαυνόμενα
1346 962 1586 1012 προτέρα)οε

491 1037 501 1051 ¹
615 1038 626 1052 ’Ζ
863 1037 871 1051 ¹
1014 1038 1025 1052 ’ὲ
1203 1037 1214 1052 -z

473 1056 519 1107 ἠὲ
550 1056 684 1095 νότοιο
715 1056 783 1107 βίῃ
814 1065 817 1106 Ι
849 1056 893 1107 ἠὲ
931 1054 1099 1107 Θρῃκὸς
1130 1056 1299 1107 βορέαο.

292 1149 363 1187 29:
471 1140 553 1176 πᾶν
586 1136 663 1188 γὰρ
697 1137 747 1189 δὴ
780 1137 922 1176 πεδίον
952 1136 1037 1176 τόδ’
1072 1137 1297 1188 ἔπίφρονος
1330 1136 1512 1187 Αὐγείαο

858 1212 868 1226 -2
1142 1212 1153 1226 2
1368 1211 1377 1225 1

471 1211 710 1283 πυροξοόροι
741 1246 782 1270 τε
815 1231 907 1282 γύαι
936 1229 940 1282 Ι
969 1230 1039 1269 καὶ
1071 1230 1201 1269 ἀλωαὶ
1237 1230 1518 1282 ὃενὸρήεσσαι.

258 1323 350 1362 Iam
377 1330 578 1375 apparet,
602 1324 841 1376 quantulus
865 1337 1077 1363 numerus
1102 1324 1260 1362 horum
1287 1323 1596 1374 exemplorum
1626 1335 1706 1373 pro
1733 1324 1809 1360 281

259 1395 463 1432 versibus
496 1396 570 1440 sit;
610 1395 691 1433 sed
723 1408 779 1433 ne
814 1395 926 1433 haec
962 1394 1142 1445 quidem
1177 1394 1404 1444 praebent
1438 1394 1662 1444 insignem
1699 1406 1815 1444 sym-

260 1465 485 1503 metriam:
527 1477 627 1503 nam
661 1466 704 1503 in
739 1478 870 1503 versu
905 1477 972 1513 49.
1011 1463 1152 1502 solum
1194 1463 1385 1502 efficitur
1424 1464 1507 1502 hac
1544 1463 1756 1501 antithesi
1791 1476 1816 1501 a

259 1547 468 1572 sermone
509 1536 636 1586 epico
678 1536 857 1573 minime
898 1534 1041 1573 aliena
1083 1533 1152 1585 (cf.
1175 1533 1256 1572 Th.
1287 1547 1348 1582 15,
1379 1536 1455 1572 128
1481 1540 1527 1571 et
1560 1535 1621 1583 16,
1647 1534 1734 1582 24),
1772 1534 1814 1570 in

260 1617 391 1643 versu
438 1617 504 1654 91.
545 1606 690 1656 posita
744 1610 813 1643 est
866 1611 1037 1643 tantum
1094 1603 1278 1655 singulis
1330 1604 1587 1642 notionibus
1634 1609 1816 1654 praeter

259 1675 598 1713 coniunctiones
632 1675 932 1721 correlativas⁷
966 1676 1008 1713 in
1042 1687 1173 1713 versu
1207 1687 1274 1723 30.
1308 1680 1481 1712 tantum
1511 1673 1688 1724 singula
1715 1674 1815 1711 sub·
1869 1690 1877 1694 ·

259 1746 455 1783 stantiva
499 1758 744 1796 eorumque
799 1746 1015 1783 attributa
1067 1745 1149 1783 sibi
1193 1745 1485 1795 respondent.
1531 1767 1587 1771 —
1633 1743 1679 1781 111
1736 1745 1811 1790 165

258 1816 462 1854 versibus
495 1816 702 1853 carminis
734 1814 925 1867 Εὐρώπη
961 1815 1046 1853 1100
1079 1821 1256 1853 tantum
1294 1814 1475 1865 legitur:

264 1921 361 1958 132:
469 1909 636 1960 φαίνετο
670 1908 704 1948 δ’
730 1908 813 1948 οὔτ’
838 1908 939 1960 ἀκτή
967 1923 1023 1951 τις
1055 1908 1283 1958 (Ξλίρροθος
1319 1908 1403 1946 οὔτ’
1428 1907 1529 1957 ὄρος
1561 1907 1673 1951 αἰπύ,

611 1983 620 1997 1
881 1983 891 1998 2
1105 1983 1115 1997 :l
1366 1981 1376 1996 l
1556 1981 1565 1995 1

471 2002 555 2041 ἀλλ’
580 2002 661 2054 ἀὴρ
692 2002 769 2054 μὲν
800 2002 980 2047 ἄνωθεν,
1010 2001 1014 2055 i
1043 2001 1188 2052 ἔνερθε
1223 2000 1267 2040 δὲ
1298 2000 1449 2043 πόντος
1481 2000 1676 2051 ἀπείρων,

259 2107 348 2146 quo
370 2093 467 2133 1000
490 2095 768 2133 concinnitas
790 2108 878 2133 non
901 2095 958 2133 ad
979 2094 1399 2146 suaviloquentiam,
1427 2094 1506 2132 sed
1530 2086 1586 2132 ad
1608 2094 1813 2145 opposita

258 2165 440 2215 gravius
474 2164 706 2203 efferenda
738 2166 948 2216 pertinet.
982 2188 1036 2192 —
1068 2164 1181 2203 Item
1217 2165 1258 2202 in
1300 2177 1376 2213 125
1411 2164 1688 2202 hexametris
1721 2176 1814 2202 car-

259 2235 389 2272 minis
420 2233 601 2285 Μεγάρα
633 2240 807 2272 tantum
843 2247 974 2273 unum
1012 2234 1265 2285 exemplum
1303 2235 1544 2274 invenitur:

295 2340 362 2377 13:
470 2327 648 2380 σχέτλιος
680 2329 726 2372 ὃς
757 2328 942 2374 τόξοισιν,
975 2328 1002 2366 ἅ
1034 2328 1073 2367 οἷ
1102 2327 1232 2379 πόρεν
1267 2326 1391 2371 αὐτὸς
1418 2326 1632 2366 Ἀπόλλων

494 2402 504 2417 1
599 2404 609 2418 μ’
762 2403 774 2418 -3
917 2402 926 2417 ι
1062 2403 1072 2418 ‘2

471 2421 520 2474 ἦέ
549 2437 656 2465 τινος
687 2420 846 2473 Κηρῶν
875 2419 878 2474 Ι
908 2422 933 2472 ἤ
961 2421 1148 2471 Ἐρινύος
1181 2420 1274 2459 αἰνὰ
1309 2421 1500 2472 βέλεμνα,

472 2503 623 2547 παῖδας
655 2502 749 2546 ἑοὺς
779 2503 1009 2554 κατέπεφνε
1041 2502 1135 2548 κτλ.)

261 2609 349 2648 quo
394 2595 491 2634 loco
536 2597 650 2634 sicut
688 2597 730 2633 in
777 2608 906 2634 versu
948 2608 1014 2645 91.
1053 2596 1260 2634 carminis
1297 2594 1509 2646 ‘HQaanJg
1551 2594 1815 2645 symmetria

261 2667 440 2704 minime
476 2665 775 2704 memorabilis
808 2670 888 2704 est.

378 2735 446 2774 Ex
468 2736 528 2781 iis,
557 2748 671 2786 quae
697 2735 841 2774 adhuc
865 2735 1144 2780 contulimus,
1171 2735 1471 2784 cognovimus
1496 2733 1610 2771 haec
1635 2731 1814 2769 dimidia

260 2818 489 2853 versuum,
527 2818 714 2857 quorum
755 2805 930 2856 singula
963 2806 1102 2843 verba
1140 2805 1223 2842 sibi
1265 2804 1563 2854 respondent,
1602 2815 1682 2853 pro
1716 2806 1813 2839 rata

261 2881 390 2927 parte
423 2875 562 2914 multo
595 2876 773 2927 saepius
808 2888 1043 2914 occurrere
1076 2876 1118 2913 in
1143 2873 1367 2916 Bucolicis
1392 2872 1578 2922 Vergilii
1612 2884 1745 2921 quam
1771 2871 1810 2908 in

1558 2949 1600 2991 3*
