2222 3417
966 281 1258 318 -06-

342 399 533 438 eundum
570 404 639 437 est
671 398 727 436 ad
755 396 964 448 exempla
992 395 1173 434 alterius
1195 394 1359 441 classis,
1383 406 1498 445 quae
1520 394 1564 431 in
1587 393 1653 432 his
1677 398 1890 445 quattuor

342 469 461 507 libris
495 475 752 507 occurrunt:

343 548 394 589 G.
407 550 599 597 1V,200:
655 556 749 587 tum
783 560 918 587 sonus
951 547 1128 586 auditur
1149 547 1332 598 gravior
1354 545 1624 596 tractimque
1647 548 1890 591 susurrant,

658 619 846 669 frigidus
887 624 933 656 ut
973 617 1198 669 quondam
1234 615 1352 655 silvis
1386 616 1696 653 immurmurat
1728 619 1890 660 auster,

660 695 707 726 ut
740 701 862 726 mare
896 687 1128 726 sollicitum
1164 686 1312 724 stridit
1342 684 1636 724 refluentibus
1669 684 1808 730 undis,

659 765 834 797 aestuat
869 763 917 796 ut
949 757 1109 796 clausis
1139 757 1321 808 rapidus
1353 755 1613 794 fornacibus
1645 755 1773 805 ignis,

343 852 463 903 quod
516 851 770 903 exemplum
827 863 925 889 cum
972 850 1262 901 B.4‚28sqq.
1311 850 1466 887 mirum
1520 849 1563 886 in
1610 848 1787 886 modum
1836 859 1889 886 eo

343 922 585 967 consentit,
631 921 751 972 quod
784 922 824 958 in
859 922 1002 971 primo
1035 921 1165 958 trium
1202 919 1350 958 talium
1386 930 1593 958 versuum
1629 918 1888 956 adverbium

342 1004 422 1042 pro
457 991 597 1030 altero
631 991 846 1029 attributo
881 996 1050 1031 exstat:

345 1071 498 1123 G.I‚7:
659 1071 793 1111 Liber
827 1078 872 1110 et
905 1071 1020 1110 alma
1053 1069 1202 1117 Ceres,
1235 1076 1386 1109 vestro
1419 1071 1454 1109 si
1487 1083 1673 1109 munere
1705 1069 1834 1108 tellus

660 1141 901 1182 Chaoniam
938 1143 1094 1193 pingui
1125 1141 1337 1192 glandem
1375 1141 1565 1179 mutavit
1597 1141 1731 1178 arista

660 1212 911 1263 poculaque
946 1213 1138 1250 inventis
1172 1211 1391 1250 Acheloia
1426 1211 1600 1249 miscuit
1634 1211 1740 1249 uvis.

346 1293 397 1334 G.
412 1294 557 1343 I‚494:
664 1293 861 1345 agricola
896 1295 1078 1332 incurvo
1113 1299 1277 1331 terram
1315 1292 1492 1331 molitus
1527 1298 1675 1330 aratro

560 1358 563 1359 ⁷
661 1377 799 1402 exesa
832 1364 1031 1402 inveniet
1063 1364 1223 1402 scabra
1256 1363 1465 1414 robigine
1498 1362 1585 1413 pila

663 1441 737 1472 aut
771 1435 985 1484 gravibus
1018 1434 1171 1471 rastris
1205 1432 1361 1484 galeas
1394 1432 1590 1484 pulsabit
1622 1433 1776 1471 inanes

661 1504 944 1554 grandiaque
979 1502 1153 1541 effossis
1188 1503 1418 1541 mirabitur
1453 1516 1554 1541 ossa
1585 1502 1846 1554 sepulchris,

348 1598 419 1636 ubi
463 1610 570 1635 vero
616 1598 895 1636 concinnitas
935 1598 1077 1636 minus
1116 1603 1327 1635 accurata
1370 1602 1616 1648 propterea
1655 1601 1735 1643 est,
1773 1595 1894 1646 quod

346 1668 483 1705 verba
521 1669 729 1717 „incurvo
770 1675 933 1705 terram
978 1667 1154 1706 molitus
1187 1669 1362 1705 aratro“
1400 1680 1488 1705 non
1523 1667 1691 1717 pariter
1723 1665 1779 1704 ad
1814 1665 1894 1704 hos

345 1744 436 1775 tres
468 1750 623 1775 versus
656 1737 892 1788 parallelos
925 1739 1166 1789 pertinent,
1199 1737 1280 1775 sed
1313 1736 1452 1775 solum
1489 1737 1546 1775 ad
1579 1737 1790 1787 primum;

346 1817 558 1868 (}.l,297:
662 1827 707 1856 at
740 1819 989 1858 rubicunda
1022 1817 1159 1857 Ceres
1194 1819 1340 1857 medio
1374 1818 1617 1857 succiditur
1650 1823 1776 1857 aestu

662 1896 707 1927 et
743 1889 887 1928 medio
922 1896 1063 1928 tostas
1097 1896 1222 1927 aestu
1256 1890 1361 1927 terit
1394 1902 1499 1927 area
1530 1888 1699 1940 fruges,

349 1983 419 2020 ubi
459 1996 511 2020 ea
551 1983 830 2020 concinnitas
870 1984 1050 2021 nomine
1093 1984 1249 2032 „area“
1295 1983 1438 2021 minor
1476 1982 1690 2020 redditur.
1753 1980 1895 2020 Huius

346 2052 572 2090 secundae
626 2052 777 2090 classis
831 2053 965 2103 igitur
1018 2052 1227 2104 exempla
1280 2054 1320 2090 in
1376 2053 1442 2091 his
1499 2052 1620 2090 libris
1663 2051 1693 2090 Ι.
1741 2058 1788 2090 et
1819 2049 1896 2090 IV.

347 2120 670 2172 Georgicorum
727 2122 913 2160 totidem
969 2129 1073 2161 sunt
1125 2129 1261 2174 atque
1315 2123 1356 2161 in
1406 2122 1516 2161 libro
1562 2121 1894 2168 Bucolicorum;

347 2191 488 2229 nullus
522 2199 668 2230 autem
707 2191 828 2230 locus
853 2193 946 2230 cius
969 2193 1150 2242 generis
1174 2193 1215 2230 in
1240 2192 1319 2230 illis
1344 2192 1519 2230 duobus
1543 2191 1662 2230 libris
1678 2191 1895 2230 Aeneidis

347 2262 550 2307 occurrit,
585 2262 704 2313 quod
739 2275 793 2300 ea
825 2275 871 2300 re
905 2261 1071 2300 factum
1108 2268 1188 2309 est,
1221 2262 1340 2313 quod
1368 2261 1594 2313 Vergilius
1627 2263 1669 2300 in
1697 2262 1895 2301 carmine

349 2331 528 2369 heroico
564 2331 699 2370 multo
734 2333 872 2371 rarius
907 2333 993 2370 duo
1022 2333 1305 2371 substantiva
1334 2345 1431 2371 cum
1459 2332 1645 2384 singulis
1669 2332 1895 2370 attributis

348 2402 388 2438 in
438 2414 523 2439 uno
566 2414 696 2439 versu
738 2401 972 2440 collocavit
1012 2416 1144 2453 quam
1192 2403 1232 2440 in
1273 2403 1558 2453 poematibus
1597 2401 1806 2451 ceteris.¹)
1838 2424 1894 2430 —

347 2469 475 2509 Plura
521 2478 668 2510 autom
718 2472 927 2523 exempla
972 2485 1104 2523 quam
1157 2473 1311 2511 harum
1359 2472 1562 2511 classium
1610 2473 1896 2510 inveniuntur

348 2542 507 2578 tertiae
534 2541 686 2579 classis
709 2543 747 2579 in
773 2542 892 2580 libris
914 2544 1069 2592 epicis;
1101 2544 1141 2580 in
1165 2556 1218 2580 ca
1241 2543 1283 2580 hi
1304 2555 1459 2581 versus
1481 2543 1608 2581 nobis
1630 2541 1895 2580 numerandi

347 2618 460 2656 ¹sunt,
494 2611 534 2648 in
571 2612 730 2662 quibus
763 2611 1017 2663 complures
1051 2613 1258 2650 notiones
1291 2613 1372 2651 sibi
1406 2611 1700 2663 respondent:

348 2689 399 2729 G.
415 2691 442 2737 Ι,
460 2704 559 2740 335:
665 2693 748 2731 hoc
784 2701 989 2732 metucns
1021 2693 1131 2731 caeli
1167 2707 1345 2732 menses
1379 2700 1424 2732 et
1456 2694 1603 2732 sidera
1635 2705 1778 2740 serva,

664 2762 825 2813 frigida
859 2763 1039 2803 Saturni
1072 2777 1171 2801 sese
1205 2777 1294 2815 quo
1327 2763 1453 2802 stella
1488 2769 1704 2815 receptet,

665 2846 775 2883 quos
810 2834 925 2881 ignis
958 2833 1082 2871 caelo
1117 2831 1341 2884 Cyllenius
1375 2840 1494 2872 erret
1530 2835 1569 2872 in
1605 2833 1750 2873 orbes,

467 2924 491 2963 ¹)
519 2923 570 2955 Cf.
600 2923 793 2963 Norden,
822 2924 839 2956 l.
861 2925 879 2956 1.
900 2935 980 2967 pag.
1002 2928 1079 2966 387.
