2222 3417
965 257 1258 305 —30—

339 375 608 414 carminibus
641 374 795 425 epicis,
833 374 874 411 in
914 372 1072 424 idylliis
1106 371 1333 411 Theocriti
1372 373 1505 411 meris
1538 374 1716 412 rusticis
1750 386 1884 425 quam

338 447 379 484 in
426 445 518 483 aliis
563 444 781 489 eiusdem,
826 444 868 481 in
913 442 992 481 illis
1037 443 1307 482 carminibus
1347 440 1534 481 Graecis
1572 443 1786 483 bucolicis
1825 444 1887 482 in-

338 515 572 554 ferioribus
611 527 743 566 quam
785 514 827 551 in
868 512 1039 564 epylliis
1079 514 1277 552 eiusdem
1315 512 1409 551 fere
1447 514 1620 553 aetatis.
1681 513 1791 552 Inde
1824 514 1888 552 in-

338 585 562 636 telligitur,
596 584 717 636 quod
747 583 1057 622 demonstrare
1079 584 1239 630 studui,
1272 584 1388 621 hanc
1411 584 1719 633 symmetriam
1746 583 1884 623 multo

339 656 482 706 magis
514 654 649 693 fuisse
684 652 915 692 artificium
951 654 1099 704 poesis
1133 653 1363 692 bucolicae
1398 665 1531 704 quam
1566 653 1789 692 heroicae.

455 724 547 765 Sed
585 724 691 776 quid
725 725 779 762 de
814 736 867 762 ea
900 736 947 761 re
987 723 1270 762 iudicandum
1309 725 1403 762 est?
1464 722 1669 769 Norden,
1709 725 1801 775 qui,
1841 730 1890 763 ut

337 808 471 847 supra
504 796 603 841 dixi,
636 796 677 833 in
713 794 909 833 editione
943 794 1039 832 libri
1062 792 1136 832 VI.
1167 793 1384 832 Aeneidis
1420 794 1640 845 quaedam
1678 793 1889 846 exempla

337 867 575 917 aequitatis
610 866 911 903 membrorum
948 870 993 902 et
1015 865 1270 915 insignioris
1295 870 1341 902 et
1364 865 1508 902 minus
1532 865 1719 915 insignis
1743 878 1766 902 e
1793 877 1888 903 car-

337 937 526 974 minibus
552 934 738 985 Vergilii
773 935 922 985 elegit,
955 936 1112 973 statuit
1135 935 1252 973 hunc
1276 940 1475 985 poetam,
1508 935 1622 973 sicut
1645 934 1752 973 alios
1777 935 1888 973 anti-

337 1007 514 1057 quiores
560 1011 605 1044 et
649 1007 940 1056 posteriores,
985 1005 1026 1043 in
1068 1018 1121 1043 ea
1160 1018 1207 1042 re
1247 1004 1452 1043 rhetores
1491 1009 1694 1043 secutum
1736 1004 1888 1054 essel)

337 1076 547 1115 Concedo
576 1076 754 1127 quidem
780 1074 1026 1126 Vergilium
1059 1076 1192 1113 etiam
1217 1075 1372 1113 studiis
1395 1075 1631 1114 rhetoricis
1654 1075 1882 1114 inductum

336 1160 452 1190 esse,
493 1154 539 1184 ut
578 1147 781 1184 membra
820 1146 1013 1197 quadam
1055 1145 1377 1196 aequabilitate
1413 1144 1731 1184 conformaret.
1793 1143 1888 1184 Sed

336 1216 454 1267 quod
489 1217 651 1254 attinet
685 1216 740 1254 ad
776 1217 1099 1254 accuratiorem
1136 1217 1443 1266 symmetriam
1480 1216 1798 1262 membrorum,
1831 1215 1887 1253 de

336 1300 421 1338 qua
463 1287 654 1337 egimus,
694 1287 787 1324 viro
828 1286 961 1324 docto
1002 1287 1207 1323 assentiri
1247 1298 1335 1324 non
1371 1298 1567 1336 possum.
1630 1284 1744 1324 Nam
1780 1298 1888 1337 quo-

337 1358 478 1395 minus
518 1370 615 1394 eam
657 1369 836 1407 quoque
879 1357 1072 1394 maxime
1113 1369 1171 1394 ex
1210 1361 1306 1394 arte
1348 1355 1574 1394 rhetorica
1616 1361 1888 1407 repetamus,

335 1440 387 1465 eo
428 1427 710 1477 impedimur,
756 1426 875 1478 quod
915 1427 1211 1477 cognovimus
1251 1426 1366 1464 hanc
1405 1427 1714 1477 symmetriam
1750 1426 1888 1464 hemi-

334 1497 589 1535 stichiorum
626 1497 681 1535 ab
716 1496 795 1534 illis
828 1497 974 1547 poetis
1001 1497 1043 1534 in
1073 1497 1343 1535 carminibus
1367 1496 1583 1535 bucolicis
1607 1496 1753 1535 studio
1778 1509 1887 1548 quo-

335 1568 435 1605 (lam
471 1567 714 1605 adhibitam
752 1580 868 1613 esse,
908 1568 948 1604 in
989 1567 1259 1605 carminibus
1299 1567 1542 1617 grandiore
1577 1566 1676 1605 stilo
1710 1567 1888 1618 scriptis

336 1637 472 1675 multo
505 1639 715 1676 rariorem
759 1650 857 1675 esse
891 1637 962 1675 vel
996 1638 1176 1676 omnino
1217 1637 1397 1683 deesse;
1439 1637 1729 1675 consentiunt
1767 1637 1884 1675 enim

335 1721 490 1746 omnes
523 1709 691 1758 poesim
729 1708 902 1758 epicam
936 1707 1239 1745 sublimiorem
1265 1720 1365 1745 esse
1393 1712 1530 1758 atque
1555 1708 1638 1745 arti
1662 1708 1885 1745 oratoriae

333 1778 431 1828 plus
465 1778 630 1815 debere
667 1790 799 1828 quam
834 1790 979 1828 genus
1001 1777 1267 1822 bucolicum,
1301 1778 1422 1829 quod
1448 1778 1593 1828 magis
1616 1778 1884 1816 tenuitatem

334 1849 534 1899 sequitur
572 1854 617 1885 et
655 1860 755 1886 cum
802 1848 925 1898 poesi
971 1847 1174 1898 populari
1213 1848 1404 1899 quodam
1450 1848 1583 1886 modo
1625 1847 1885 1898 cohaeret.²)

336 1918 454 1969 Ergo
490 1919 617 1956 nobis
650 1917 761 1956 aliae
795 1930 958 1956 causae
993 1917 1280 1969 quaerendae
1305 1923 1420 1963 sunt,
1455 1918 1615 1969 quibus
1640 1919 1767 1969 origo
1792 1919 1886 1957 eius

333 1990 396 2026 rei
431 1988 707 2039 explanetur.
764 1987 957 2026 Primum
994 1996 1182 2039 apparet
1216 1988 1519 2026 conditionem
1553 1989 1736 2039 generis
1771 1989 1885 2040 epici

335 2066 378 2096 et
417 2059 598 2109 generis
638 2058 825 2096 bucolici
867 2071 953 2096 non
995 2059 1185 2096 eandem
1227 2071 1346 2098 esse:
1395 2071 1496 2096 nam
1539 2059 1578 2096 in
1613 2059 1885 2097 carminibus

335 2129 488 2179 epicisv
528 2129 631 2179 quia
669 2141 850 2179 semper
889 2127 982 2166 fere
1022 2130 1145 2166 varia
1185 2128 1305 2167 facta
1345 2130 1386 2167 in
1429 2130 1685 2167 narratione
1725 2142 1772 2166 se
1807 2142 1884 2167 ex-

334 2199 502 2249 cipiunt
553 2204 688 2249 atque
741 2199 867 2249 quasi
913 2199 1029 2236 actio
1076 2199 1169 2236 sine
1217 2211 1339 2236 mora
1386 2199 1691 2249 progreditur,
1736 2199 1884 2250 poetis

335 2269 510 2306 occasio
550 2267 697 2306 talium
741 2267 1025 2306 artificiorum
1067 2268 1421 2306 adhibendorum
1467 2270 1606 2307 rarius
1647 2269 1751 2307 data
1795 2274 1882 2309 est:

335 2344 489 2375 contra
525 2339 564 2375 in
599 2338 828 2383 bucolici&
868 2339 907 2376 in
944 2339 1103 2389 quibus
1138 2338 1275 2376 multa
1309 2338 1445 2389 lyrico
1480 2340 1639 2389 generi
1673 2340 1884 2390 propiora

334 2416 452 2452 sunt,
486 2409 662 2458 saepius
697 2421 766 2446 res
801 2408 1012 2459 aequales
1047 2408 1309 2453 efferuntur,
1351 2422 1439 2459 qua
1473 2409 1527 2446 de
1562 2422 1695 2447 causa
1730 2415 1882 2460 partes

335 2479 545 2516 orationis
591 2492 770 2529 quoque
817 2479 964 2529 potius
1008 2479 1090 2516 sibi
1136 2479 1423 2529 respondent.
1496 2478 1717 2530 Imprimis
1762 2492 1883 2518 com-

336 2548 591 2596 parationes
613 2561 635 2584 a
659 2549 803 2598 poetis
825 2549 962 2598 epicis
985 2548 1210 2586 adhibitae
1234 2563 1255 2586 a
1279 2550 1691 2599 comparationibus
1715 2549 1880 2589 bucoli-

454 2674 478 2706 ¹)
507 2673 593 2705 ltem
624 2674 737 2717 May.
766 2675 784 2706 1.
805 2675 836 2708 1.,
857 2686 936 2717 pag.
958 2679 1011 2710 ³50,
1040 2676 1102 2707 arti
1131 2676 1334 2708 rhetoricae
1362 2677 1519 2709 maxime
1548 2677 1617 2709 hoc
1644 2678 1877 2710 artificiosum

335 2737 581 2763 ornauwntum
610 2733 838 2765 tribuendum
868 2744 951 2765 esse
980 2735 1164 2766 iudicavit.

453 2792 477 2821 ²1
506 2791 620 2832 May,
660 2792 679 2822 1.
702 2792 733 2827 1.,
762 2800 922 2834 pagum,
962 2804 1069 2832 unus,
1109 2804 1188 2825 cum
1230 2794 1345 2826 Solum
1381 2794 1424 2825 ad
1460 2805 1562 2826 usum
1599 2794 1879 2836 frequentiorem

335 2848 593 2889 anaphorarum
618 2850 832 2891 respiceret,
854 2852 950 2892 quod
973 2862 1128 2894 aequum
1151 2862 1235 2884 esse
1258 2853 1402 2885 minime
1422 2853 1602 2892 existimo,
1625 2863 1739 2895 nuper
1757 2853 1881 2885 statuit

335 2906 364 2936 iii
396 2905 575 2939 Bucolicis
594 2914 629 2939 et
649 2908 839 2949 Georgicis
866 2914 977 2941 artem
993 2911 1221 2943 ,rhetoricam
1250 2912 1330 2954 plus
1359 2912 1481 2944 valere
1509 2923 1615 2954 quam
1645 2912 1677 2943 in
1698 2911 1878 2944 Aeneide.
