2222 3417
1011 326 1300 364 -70-

383 434 561 472 auribus
602 433 866 484 percipitur,
918 431 1039 483 quod
1082 431 1220 469 verba
1264 428 1331 468 vel
1376 429 1533 468 eadem
1577 429 1648 468 vel
1687 441 1803 480 quae
1848 429 1932 468 sibi

381 503 661 554 respondent
697 508 743 539 et
767 502 992 553 quandam
1029 501 1359 539 similitudinem
1393 500 1490 538 soni
1522 500 1757 550 praebent,
1789 498 1930 537 isdem

383 575 423 612 in
458 573 640 612 sedibus
672 573 817 624 posita
851 578 966 610 sunt.
1019 570 1166 609 Facile
1198 570 1489 621 cognoscitur
1511 581 1692 620 semper
1714 568 1819 616 *fere
1847 581 1932 612 res,

383 656 498 694 quae
547 643 613 681 his
660 643 934 681 hexametris
981 642 1280 687 enuntiantur,
1324 640 1425 678 huic
1473 639 1763 690 symmetriae
1809 639 1932 677 suavi

384 714 636 764 aptissimas
663 725 773 751 esse.
815 712 1069 750 Antithesis
1091 712 1274 762 gravior
1295 716 1468 748 tantum
1495 710 1536 747 in
1556 710 1698 760 primo
1723 707 1932 760 exemplo

383 783 661 821 observatur.

500 850 592 891 Sed
617 854 750 890 etiam
770 852 825 890 de
850 852 933 890 hac
949 865 996 890 re
1021 851 1326 902 comparanda
1351 855 1454 888 sunt
1477 849 1606 888 nobis
1629 848 1713 888 alia
1735 849 1935 888 carmina

384 922 581 960 eiusdem
607 922 847 961 Theocriti.
897 921 1091 960 Primum
1119 922 1160 959 in
1184 921 1326 959 tribus
1350 921 1505 965 mimis,
1528 919 1583 957 id.
1600 931 1635 965 2,
1656 932 1718 967 14,
1738 931 1799 968 15,
1821 918 1935 957 haec

385 992 593 1043 exempla
629 998 886 1030 occurrunt:

387 1087 421 1119 2,
439 1076 510 1123 38:
599 1074 708 1125 ἠνίὸε
741 1077 831 1125 σιγῇ
864 1073 941 1124 μὲν
972 1072 1134 1117 πόντος,
1168 1075 1330 1123 σιγῶντι
1364 1070 1399 1110 δ’
1424 1071 1558 1123 ἀῆται·

595 1145 619 1182 ἁ
654 1144 688 1182 (δ’
715 1143 792 1195 ἓμά
827 1144 876 1183 οὗ
909 1147 999 1195 σιγῇ
1033 1143 1214 1193 στέρνων
1246 1141 1439 1181 ἔντοσθεν
1471 1141 1574 1180 ἀνία.

387 1233 422 1262 2,
441 1223 510 1268 78:
594 1223 676 1261 τοῖς
709 1218 744 1258 δ’
775 1218 822 1271 ἧς
854 1219 1085 1269 ξανθοτέρα
1116 1218 1193 1270 μὲν
1225 1218 1454 1270 ἕλιχρύσοιο
1488 1217 1653 1268 γενειάς,

594 1288 748 1340 στήθεα
783 1288 827 1328 ὁὲ
859 1288 1070 1339 στίλβοντα
1101 1287 1207 1327 πολὺ
1239 1287 1363 1327 πλέον
1397 1289 1419 1339 ἢ
1452 1286 1497 1325 τὺ
1556 1286 1704 1332 Ἰελοὶνα,

597 1359 656 1403 ὡς
688 1358 771 1397 ἀπὸ
806 1359 1048 1410 γιῃιινασιόιο
1080 1357 1210 1397 καλὸν
1240 1357 1370 1396 πόνον
1402 1357 1491 1408 ἄρτι
1522 1356 1735 1402 λιπόντων,

387 1454 501 1492 quae
536 1441 743 1492 exempla
779 1446 1029 1479 memoratu
1066 1446 1153 1478 tam
1192 1439 1330 1491 digna
1355 1452 1487 1490 quam
1522 1438 1728 1477 bucolica
1760 1437 1829 1476 illa
1861 1438 1936 1477 vix

385 1518 506 1555 sunt:
543 1524 641 1549 nam
679 1512 719 1549 in
751 1511 957 1549 versibus
983 1512 1162 1561 2‚38sq.
1202 1509 1497 1561 aequabilitas
1521 1509 1734 1560 imprimis
1770 1508 1826 1546 ad
1861 1520 1936 1559 op-

386 1582 651 1632 positionem
689 1582 833 1631 magis
868 1580 1145 1618 efferendam
1180 1581 1390 1631 pertinet,
1424 1580 1464 1617 in
1495 1579 1699 1617 versibus
1724 1580 1937 1630 2‚78sqq.

386 1652 646 1702 symmetria
692 1664 765 1697 eo,
817 1651 938 1702 quod
984 1651 1123 1688 verba
1169 1651 1211 1688 in
1244 1663 1283 1688 v.
1313 1651 1379 1688 80.
1413 1649 1652 1700 sequentia
1691 1649 1836 1700 magis
1880 1648 1935 1686 ad

387 1721 572 1759 alterum
601 1722 848 1759 membrum
868 1733 1000 1771 quam
1027 1720 1084 1758 ad
1101 1721 1220 1771 prius
1243 1725 1465 1770 spectant,
1488 1718 1621 1770 paulo
1645 1717 1937 1767 infir1natur.¹)

387 1815 441 1818 —
474 1790 521 1829 In
557 1790 844 1842 epithalamio
882 1790 1098 1836 Helenae,
1131 1789 1280 1841 idyllio
1311 1791 1372 1836 18,
1395 1789 1507 1827 haec
1541 1789 1706 1828 inveni:

390 1885 458 1921 29:
596 1873 731 1923 πιείρᾳ
762 1873 869 1923 μέγα
902 1872 1003 1924 λᾷον
1035 1871 1243 1923 ἀνέδραμε
1275 1871 1435 1922 κόσμος
1466 1871 1628 1922 ἀρούρᾳ

600 1944 621 1994 ἢ
654 1943 780 1993 κήπῳ
812 1943 1068 1993 κυπάρισσος
1102 1944 1123 1994 ἢ
1157 1942 1307 1993 ἅρματι
1345 1939 1554 1984 Θεσσαλὸς
1586 1940 1755 1989 &mog-f)

389 2025 461 2075 qui
491 2037 644 2061 versus
679 2025 835 2073 generi
873 2024 1074 2062 bucolico
1110 2024 1235 2074 quasi
1270 2023 1507 2074 propinqui
1543 2028 1657 2061 sunt.
1680 2021 1937 2060 —Deinde

389 2095 428 2132 in
447 2095 661 2132 encomiis
685 2094 725 2131 hi
742 2106 899 2132 versus
916 2093 1114 2144 paralleli
1137 2093 1366 2144 leguntur:
1398 2105 1458 2142 17,
1475 2096 1524 2131 82
1545 2105 1609 2144 sq.
1625 2098 1671 2131 et
1692 2104 1752 2143 17,
1774 2105 1787 2130 1
1804 2104 1938 2144 Iosq„

389 2165 460 2215 qui
496 2165 534 2202 in
561 2164 584 2214 ξ
614 2178 625 2201 1
658 2164 870 2214 exscripti
904 2171 1026 2205 sunt:
1062 2165 1102 2201 in
1138 2163 1204 2201 his
1227 2170 1375 2214 poeta,
1409 2169 1455 2201 ut
1488 2164 1546 2201 ibi
1566 2163 1667 2209 dixi,
1700 2175 1798 2200 eam
1833 2174 1938 2201 con—

389 2235 647 2272 cinnitatem
674 2234 947 2284 appetivisse
972 2233 1159 2278 videtur,
1185 2238 1231 2271 ut
1259 2245 1472 2283 magnum
1499 2245 1731 2271 numerum
1757 2233 1938 2283 gravius

389 2302 674 2353 significaret.
736 2303 924 2341 Praeter
957 2303 1038 2341 lios
1071 2303 1200 2354 pauci
1235 2302 1318 2341 loci
1353 2308 1553 2341 exstant:

397 2382 455 2424 ιζ’),
473 2392 513 2427 3:
600 2378 754 2418 ᾸΙοῖσαι
787 2378 862 2430 μὲν
898 2379 986 2417 Heni
1021 2379 1109 2423 ἐντί,
1142 2378 1270 2422 ’θεοὺς
1304 2378 1395 2417 θεαὶ
1427 2378 1612 2418 ἀείδοντι.

599 2449 734 2500 ἄμμες
767 2449 810 2488 (δὲ
842 2449 985 2500 βροτοὶ
1017 2448 1114 2494 οἷ’ὁε,
1145 2447 1323 2500 βροτοὺς
1353 2448 1493 2499 βροτοὶ
1527 2448 1743 2499 ἀείόωμεν,

398 2536 455 2566 10.
474 2537 542 2571 30:
600 2525 649 2575 «3¹4
662 2540 712 2574 ρα
745 2525 812 2563 καὶ
846 2525 902 2563 εἰν
929 2524 1069 2563 Ἀίδαο
1101 2525 1390 2575 κεκριῃιιμένος
1421 2523 1570 2567 ἐσθλὸς
1601 2523 1786 2576 ἀκούσῃς

599 2594 698 2645 μηδ
724 2594 873 2645 ἀκλεὴς
904 2594 1062 2646 μύρηαι
1095 2594 1158 2632 ἐπὶ
1193 2597 1358 2645 ψυχροῦ
1387 2594 1636 2645 Ἀχέροντος,

399 2682 542 2719 ιῑ,30;
598 2674 656 2721 τῷ
686 2670 763 2721 μὲν
795 2670 914 2715 τόξον
945 2670 1104 2709 ἔδωκεν
1139 2670 1364 2709 ὕπωλένιόν
1396 2686 1435 2709 τε
1466 2671 1686 2722 φαρέτρην,

602 2743 658 2790 τῷ
691 2740 734 2778 ὁὶ·
767 2741 972 2790 σιὸάρκιοι·
1005 2740 1207 2779 σκύταλον
1238 2741 1553 2792 κεχαραγμένον
1585 2740 1706 2786 ὄζοις.

510 2844 535 2873 ¹›
565 2843 701 2874 Versus
718 2852 746 2877 2.
769 2852 891 2885 izos-q.
912 2842 969 2875 hic
995 2854 1065 2875 non
1085 2844 1241 2878 laudavi.
1262 2853 1342 2875 cum
1364 2843 1573 2886 symmetria
1588 2843 1760 2875 attributo
1780 2843 1813 2875 in
1829 2853 1937 2876 versu

398 2910 467 2932 122.
488 2902 607 2943 posito
635 2901 706 2932 tolli
735 2902 817 2933 milii
847 2902 1022 2934 videatur.

507 2960 535 2997 ²)
564 2960 714 2991 Versum
735 2969 786 2997 20.
803 2960 854 2992 sic
875 2960 1070 3001 legendum
1099 2971 1195 2999 csse,
1224 2964 1260 2992 ut
1279 2960 1424 2992 Alirens
1445 2960 1568 2999 voluit,
1594 2970 1658 3003 pro
1685 2963 1786 2992 certo
1806 2960 1936 2993 habeo.
