2222 3417
940 280 1232 316 „40-

395 387 465 424 28:
529 397 644 436 quae
678 365 897 436 pepigere
931 366 1022 430 vii-i,
1051 381 1055 438 Ι
1084 365 1360 435 pepigerunt
1391 389 1496 421 ante
1528 365 1753 435 parentes.

393 491 465 526 42:
527 459 651 516 mullti
684 477 799 516 illum
834 459 973 528 pueri,
1002 475 1007 531 Ι
1037 458 1203 516 multae
1237 482 1454 527 optavere
1487 458 1674 527 pugnae.

392 584 464 619 44:
526 552 629 609 milli
662 570 778 609 illum
813 552 950 622 pueri,
979 570 983 623 Ι
1013 551 1158 609 nuilae
1193 577 1408 622 optavere
1436 550 1625 620 pueilae.

392 676 464 713 53:
526 664 642 702 hanc
675 645 781 702 nullli
813 645 1052 715 agridolae,
1080 664 1084 715 Ι
1114 644 1217 702 milli
1246 663 1425 702 coluere
1453 644 1640 702 iuvenci.

392 770 464 805 55;
527 738 649 796 multi
684 757 798 796 illam
834 739 1072 808 agricblae,
1101 757 1106 807 ἶ]
1135 738 1259 795 miilti
1292 756 1471 795 coluere
1504 738 1691 795 iuvenci.

1012 861 1062 908 Π,
1091 874 1167 900 2a:

313 953 357 1006 α)
393 957 463 1003 63:
526 936 657 992 ter¹tia
692 937 794 1006 pars
827 935 942 1006 pa³tri
977 936 1056 999 est,
1086 955 1090 1005 Ι
1119 936 1223 1005 pairs
1256 936 1327 992 est
1359 954 1463 992 data
1496 935 1630 992 terltia
1661 933 1837 1002 mastrist)

524 1038 655 1075 tertia
689 1036 781 1075 sola
813 1042 890 1075 tua
923 1042 1010 1075 est:
1046 1036 1134 1075 noli
1165 1049 1371 1087 pugnare
1406 1036 1592 1075 duobus.

430 1129 674 1168 Praeterea
708 1130 1150 1169 commemorandum
1187 1136 1255 1168 est
1288 1131 1419 1168 etiam
1457 1130 1767 1181 ephymnium:

524 1204 705 1273 Hymen
741 1215 765 1262 o
799 1204 1081 1274 Hymenaee,
1111 1223 1114 1275 Ι
1144 1204 1324 1275 Hyinen
1361 1223 1469 1262 ades
1503 1216 1528 1261 o
1561 1203 1844 1273 Hy1ne³naee.

430 1327 529 1366 Hoc
575 1340 755 1366 carmen
803 1329 939 1379 igitur
983 1341 1064 1379 pro
1110 1340 1297 1366 numero
1342 1339 1551 1366 versuum
1591 1333 1681 1365 tarn
1723 1340 1862 1379 parvo

314 1399 500 1438 (restant
523 1399 639 1436 enim
665 1399 867 1437 versibus
895 1397 1234 1436 intercalaribus
1262 1398 1467 1436 deductis
1491 1398 1559 1446 58)
1592 1399 1786 1448 praebet
1814 1411 1859 1436 12

312 1468 519 1518 exempla
565 1469 692 1506 huius
737 1468 1078 1519 aequabilitatis.
1154 1466 1457 1519 Quamquam,
1502 1468 1623 1519 quod
1668 1480 1863 1506 comme-

313 1537 583 1577 moravitVV.
596 1538 764 1589 Meyer,
782 1537 1200 1589 Sitzungsberichte
1221 1539 1301 1577 der
1318 1539 1588 1590 bayrischen
1606 1538 1862 1577 Akademie

312 1608 391 1646 der
414 1607 805 1647 KVissenschaften
836 1611 956 1657 1889,
982 1621 1023 1659 p.
1043 1621 1138 1659 249,
1170 1622 1351 1660 semper
1382 1608 1477 1647 fere
1511 1610 1553 1647 in
1582 1621 1636 1647 eo
1664 1610 1861 1647 carmine

311 1676 471 1716 finibus
489 1678 764 1729 singulorum
785 1692 993 1717 versuum
1017 1680 1250 1718 enuntiata
1268 1679 1338 1718 vel
1356 1684 1509 1730 partes
1528 1679 1859 1717 enuntiatorum

311 1747 577 1795 dividuntur,
609 1754 761 1787 tamen
796 1762 884 1787 non
919 1749 1058 1787 solum
1095 1762 1153 1787 ex
1182 1762 1236 1787 ea
1264 1762 1312 1787 re
1342 1762 1520 1788 causam
1553 1754 1643 1787 tam
1670 1749 1861 1787 eximiae

311 1817 594 1869 frequentiae
628 1819 796 1857 illorum
833 1832 1038 1857 versuum
1083 1820 1392 1870 bipartitorum
1429 1819 1724 1871 repetendam
1761 1831 1861 1857 esse

311 1895 510 1939 apparet.
571 1889 1040 1927 Animadvertendum
1084 1895 1152 1928 est
1191 1902 1268 1928 eos
1307 1889 1403 1928 fere
1438 1902 1594 1928 omnes
1628 1888 1746 1928 nulla
1778 1888 1862 1927 alia

310 1959 515 1996 membra
547 1959 706 1997 eodem
744 1959 898 1997 ordine
932 1960 1173 1999 coniuncta
1205 1960 1394 2005 habere;
1428 1960 1469 1998 in
1500 1960 1703 1998 versibus
1734 1965 1862 2010 03sq.

309 2029 571 2078 symmetria
610 2029 814 2067 membro
849 2030 1088 2068 coniuncto
1123 2036 1327 2081 augetur,
1367 2042 1464 2068 cum
1501 2030 1642 2081 ipsum
1680 2041 1860 2081 quoque

309 2104 355 2135 et
393 2098 473 2136 illis
517 2098 738 2149 parallelis
782 2111 929 2150 paene
975 2100 1028 2138 ad
1073 2100 1261 2138 verbum
1300 2100 1577 2151 respondeat
1616 2106 1663 2138 et
1700 2098 1861 2138 finibus

308 2168 574 2206 hemistichii
626 2169 888 2207 includatur.
962 2169 1138 2207 Deinde
1191 2170 1247 2208 ad
1293 2171 1497 2208 membra
1541 2169 1860 2221 coniungenda

308 2239 570 2289 saepissime
605 2238 835 2290 anaphora
869 2239 1069 2277 adhibita
1103 2246 1190 2285 est,
1224 2253 1313 2291 qua
1344 2253 1392 2278 re
1425 2240 1687 2291 symmetria
1722 2239 1860 2278 multo

310 2309 524 2357 insignior
548 2308 666 2346 facta
691 2316 759 2347 est
783 2310 967 2360 eiusque
991 2311 1187 2348 suavitas
1213 2310 1440 2361 aliquanto
1464 2315 1595 2349 aucta
1619 2315 1699 2348 est.
1746 2307 1859 2348 Con-

310 2377 557 2416 cedendum
601 2379 779 2429 quidem
821 2385 890 2416 est
935 2380 975 2417 in
1019 2381 1186 2418 maiore
1227 2393 1412 2418 numero
1453 2380 1609 2418 horum
1650 2392 1856 2418 versuum

310 2447 596 2485 hemistichiis
637 2449 899 2500 aequalibus
939 2450 1078 2487 verba
1117 2451 1369 2488 communia
1412 2451 1579 2488 inserta
1619 2462 1736 2488 esse:
1779 2450 1859 2487 sed

310 2517 641 2555 animadvertas
665 2518 794 2556 velim
825 2520 864 2556 in
897 2519 1123 2570 plerisque
1154 2519 1223 2569 (cf.
1246 2533 1314 2558 vv.
1346 2533 1404 2568 15,
1430 2522 1494 2566 28,
1518 2532 1584 2568 42,
1609 2532 1674 2568 44,
1701 2533 1766 2569 53,
1791 2522 1858 2569 55)

310 2587 613 2636 symmetriam
640 2601 771 2638 quam
797 2589 991 2626 maxime
1015 2602 1066 2627 ea
1092 2590 1264 2627 ratione
1288 2595 1512 2628 servatam
1539 2603 1651 2636 esse,
1677 2596 1723 2628 ut
1745 2591 1858 2628 binis

308 2656 456 2693 verbis
503 2658 731 2708 utriusque
777 2658 860 2696 coli
907 2660 1111 2710 aequatis
1155 2659 1330 2710 singula
1374 2661 1514 2698 verba
1554 2660 1854 2699 membrorum

309 2727 560 2764 communia
585 2727 871 2766 adderentur.
912 2728 959 2766 111
991 2730 1195 2768 versibus
1218 2742 1284 2780 42,
1308 2743 1374 2778 44,
1398 2743 1464 2778 53,
1488 2743 1553 2778 55,
1578 2731 1857 2769 concinnitas

429 2851 453 2888 ¹)
474 2852 574 2884 llanc
595 2852 742 2885 sormam
765 2865 904 2893 versus,
924 2866 1031 2897 quam
1047 2866 1068 2888 e
1085 2856 1193 2888 variis
1208 2857 1426 2889 lectionibus
1441 2857 1609 2888 librorum
1627 2857 1855 2889 enucleatam

308 2909 470 2952 plerique
498 2911 658 2943 editores
685 2918 918 2955 acceperunt,
946 2914 1104 2947 maxime
1132 2915 1354 2957 probandam
1382 2925 1467 2948 csse
1494 2919 1594 2957 puto.
